% Encoding: UTF-8
@ARTICLE{Ohtsuki2016,
   author = {{Ohtsuki}, T. and {Ohtsuki}, T.},
    title = "{Deep Learning the Quantum Phase Transitions in Random Two Dimensional Electron Systems}",
archivePrefix = "arXiv",
   eprint = {1610.00462},
 keywords = {Condensed Matter - Disordered Systems and Neural Networks, Condensed Matter - Statistical Mechanics},
    month = oct,
   adsurl = {http://adsabs.harvard.edu/abs/2016arXiv161000462O},
  adsnote = {Provided by the SAO/NASA Astrophysics Data System}
}

@article{AltmanVosk,
	Author = {Ehud Altman and Ronen Vosk},
	Doi = {10.1146/annurev-conmatphys-031214-014701},
	Journal = {Annual Review of Condensed Matter Physics},
	Number = {1},
	Pages = {383-409},
	Title = {Universal Dynamics and Renormalization in Many-Body-Localized Systems},
	Volume = {6},
	Year = {2015},
	Bdsk-Url-1 = {http://dx.doi.org/10.1146/annurev-conmatphys-031214-014701}}


@article{OganesyanHuse,
	Author = {Oganesyan, Vadim and Huse, David A.},
	Doi = {10.1103/PhysRevB.75.155111},
	Issue = {15},
	Journal = {Phys. Rev. B},
	Month = {Apr},
	Numpages = {5},
	Pages = {155111},
	Publisher = {American Physical Society},
	Title = {Localization of interacting fermions at high temperature},
	Url = {http://link.aps.org/doi/10.1103/PhysRevB.75.155111},
	Volume = {75},
	Year = {2007},
	Bdsk-Url-1 = {http://link.aps.org/doi/10.1103/PhysRevB.75.155111},
	Bdsk-Url-2 = {http://dx.doi.org/10.1103/PhysRevB.75.155111}}
@article{PalHuse,
	Author = {Pal, Arijeet and Huse, David A.},
	Doi = {10.1103/PhysRevB.82.174411},
	Issue = {17},
	Journal = {Phys. Rev. B},
	Month = {Nov},
	Numpages = {7},
	Pages = {174411},
	Publisher = {American Physical Society},
	Title = {Many-body localization phase transition},
	Url = {http://link.aps.org/doi/10.1103/PhysRevB.82.174411},
	Volume = {82},
	Year = {2010},
	Bdsk-Url-1 = {http://link.aps.org/doi/10.1103/PhysRevB.82.174411},
	Bdsk-Url-2 = {http://dx.doi.org/10.1103/PhysRevB.82.174411}}
@article{BASKO06,
	Author = {D.M. Basko and I.L. Aleiner and B.L. Altshuler},
	Journal = {Annals of Physics},
	Number = {5},
	Pages = {1126 - 1205},
	Title = {Metal--insulator transition in a weakly interacting many-electron system with localized single-particle states},
	Volume = {321},
	Year = {2006}}

@article{Anderson58,
	Author = {Anderson, P. W.},
	Doi = {10.1103/PhysRev.109.1492},
	Issue = {5},
	Journal = {Phys. Rev.},
	Month = {Mar},
	Numpages = {0},
	Pages = {1492--1505},
	Publisher = {American Physical Society},
	Title = {Absence of Diffusion in Certain Random Lattices},
	Url = {http://link.aps.org/doi/10.1103/PhysRev.109.1492},
	Volume = {109},
	Year = {1958},
	Bdsk-Url-1 = {http://link.aps.org/doi/10.1103/PhysRev.109.1492},
	Bdsk-Url-2 = {http://dx.doi.org/10.1103/PhysRev.109.1492}}


@article{PekkerHilbertGlass,
	Author = {Pekker, David and Refael, Gil and Altman, Ehud and Demler, Eugene and Oganesyan, Vadim},
	Issue = {1},
	Journal = {Phys. Rev. X},
	Month = {Mar},
	Numpages = {12},
	Pages = {011052},
	Publisher = {American Physical Society},
	Title = {Hilbert-Glass Transition: New Universality of Temperature-Tuned Many-Body Dynamical Quantum Criticality},
	Url = {http://link.aps.org/doi/10.1103/PhysRevX.4.011052},
	Volume = {4},
	Year = {2014},
	Bdsk-Url-1 = {http://link.aps.org/doi/10.1103/PhysRevX.4.011052}}


@article{Huse13,
	Author = {Huse, David A. and Nandkishore, Rahul and Oganesyan, Vadim and Pal, Arijeet and Sondhi, S. L.},
	Issue = {1},
	Journal = {Phys. Rev. B},
	Month = {Jul},
	Numpages = {8},
	Pages = {014206},
	Publisher = {American Physical Society},
	Title = {Localization-protected quantum order},
	Url = {http://link.aps.org/doi/10.1103/PhysRevB.88.014206},
	Volume = {88},
	Year = {2013},
	Bdsk-Url-1 = {http://link.aps.org/doi/10.1103/PhysRevB.88.014206}}
	
	

@article{Wen1990IJMPB,
	Author = {WEN, X. G.},
	Journal = {International Journal of Modern Physics B},
	Number = {02},
	Pages = {239-271},
	Title = {TOPOLOGICAL ORDERS IN RIGID STATES},
	Volume = {04},
	Year = {1990}}


@article{PhysRevLett.96.110404,
  title = {Topological Entanglement Entropy},
  author = {Kitaev, Alexei and Preskill, John},
  journal = {Phys. Rev. Lett.},
  volume = {96},
  issue = {11},
  pages = {110404},
  numpages = {4},
  year = {2006},
  month = {Mar},
  publisher = {American Physical Society},
  doi = {10.1103/PhysRevLett.96.110404},
  url = {https://link.aps.org/doi/10.1103/PhysRevLett.96.110404}
}


@article{Levin2006,
  title = {Detecting Topological Order in a Ground State Wave Function},
  author = {Levin, Michael and Wen, Xiao-Gang},
  journal = {Phys. Rev. Lett.},
  volume = {96},
  issue = {11},
  pages = {110405},
  numpages = {4},
  year = {2006},
  month = {Mar},
  publisher = {American Physical Society},
  doi = {10.1103/PhysRevLett.96.110405},
  url = {https://link.aps.org/doi/10.1103/PhysRevLett.96.110405}
}


@article{KITAEV20032,
	Author = {A.Yu. Kitaev},
	Journal = {Annals of Physics},
	Number = {1},
	Pages = {2 - 30},
	Title = {Fault-tolerant quantum computation by anyons},
	Volume = {303},
	Year = {2003}}

@article{Islam2015,
	Author = {Islam, Rajibul and Ma, Ruichao and Preiss, Philipp M. and Eric Tai, M. and Lukin, Alexander and Rispoli, Matthew and Greiner, Markus},
	Journal = {Nature},
	Month = {12},
	Pages = {77 EP  -},
	Title = {Measuring entanglement entropy in a quantum many-body system},
	Volume = {528},
	Year = {2015}}


@misc{Zhang2018,
	Author = {Zhang, Y. and Mesaros, A. and Fujita, K. and Edkins, S.D. and Hamidian, M.H. and Eisaki, H. and Uchida, S. and Davis, J.C.S. and  Khatami, E. and  Kim, E.},
	Date-Added = {2018-05-24 14:47:32 +0000},
	Date-Modified = {2018-05-24 15:24:10 +0000},
	Note = {in preparation (2018)},
	Title = {Using ML for Scientific Discovery on Electronic Quantum Matter}}

@article{Stone2014-SNS,
	Author = {Stone,M. B. and Niedziela,J. L. and Abernathy,D. L. and DeBeer-Schmitt,L. and Ehlers,G. and Garlea,O. and Granroth,G. E. and Graves-Brook,M. and Kolesnikov,A. I. and Podlesnyak,A. and Winn,B.},
	Date-Modified = {2018-05-29 01:16:30 +0000},
	Doi = {10.1063/1.4870050},
	Eprint = {https://doi.org/10.1063/1.4870050},
	Journal = {Review of Scientific Instruments},
	Number = {4},
	Pages = {045113},
	Title = {A comparison of four direct geometry time-of-flight spectrometers at the Spallation Neutron Source},
	Url = {https://doi.org/10.1063/1.4870050},
	Volume = {85},
	Year = {2014},
	Bdsk-Url-1 = {https://doi.org/10.1063/1.4870050}}
	
@online{SNS,
    url       =
    "https://neutrons.ornl.gov/ndav"
}

@article{Miller2009,
	Abstract = {
},
	Author = {Stephen D Miller and Kenneth W Herwig and Shelly Ren and Sudharshan S Vazhkudai and Pete R Jemian and Steffen Luitz and Andrei A Salnikov and Igor Gaponenko and Thomas Proffen and Paul Lewis and Mark L Green},
	Date-Modified = {2018-05-29 01:13:18 +0000},
	Journal = {Journal of Physics: Conference Series},
	Number = {1},
	Pages = {012049},
	Title = {Data management and its role in delivering science at DOE BES user facilities -- Past, Present, and Future},
	Url = {http://stacks.iop.org/1742-6596/180/i=1/a=012049},
	Volume = {180},
	Year = {2009},
	Bdsk-Url-1 = {http://stacks.iop.org/1742-6596/180/i=1/a=012049}}

@article{Giaever1962,
  title = {Tunneling into Superconductors at Temperatures below 1K},
  author = {Giaever, I. and Hart, H. R. and Megerle, K.},
  journal = {Phys. Rev.},
  volume = {126},
  issue = {3},
  pages = {941--948},
  numpages = {0},
  year = {1962},
  publisher = {American Physical Society},
  doi = {10.1103/PhysRev.126.941},
  url = {https://link.aps.org/doi/10.1103/PhysRev.126.941}
}

@article{kivelson-complexity,
	Abstract = {The criteria by which the validity of theories of complex systems are judged are more nuanced than a naive understanding of `the scientific method'suggests.},
	Author = {Kivelson, Sophia and Kivelson, Steven},
	Da = {2018/05/01},
	Date-Added = {2018-06-21 08:35:45 +0000},
	Date-Modified = {2018-06-21 08:36:01 +0000},
	Doi = {10.1038/s41567-018-0136-6},
	Id = {Kivelson2018},
	Isbn = {1745-2481},
	Journal = {Nature Physics},
	Number = {5},
	Pages = {426--427},
	Title = {Understanding complexity},
	Ty = {JOUR},
	Url = {https://doi.org/10.1038/s41567-018-0136-6},
	Volume = {14},
	Year = {2018},
	Bdsk-Url-1 = {https://doi.org/10.1038/s41567-018-0136-6}}


@Article{Abbamonte2005,
  author  = {Abbamonte, P. and Rusydi, A. and Smadici, S. and Gu, G. D. and Sawatzky, G. A. and Feng, D. L.},
  title   = {Spatially modulated 'Mottness' in La2-xBaxCuO4},
  journal = {Nat Phys},
  year    = {2005},
  volume  = {1},
  number  = {3},
  pages   = {155--158},
  issn    = {1745-2473},
  type    = {Journal Article},
  url     = {http://dx.doi.org/10.1038/nphys178},
}

@Article{Atkinson2014,
  author  = {Atkinson, W. A. and Kampf, A. P. and Bulut, S.},
  title   = {Charge Order in the Pseudogap Phase of Cuprate Superconductors},
  journal = {ArXiv e-prints},
  year    = {2014},
  type    = {Journal Article},
}

@Article{Blackburn2013,
  author  = {Blackburn, E. and Chang, J. and H\"ucker, M. and Holmes, A. T. and Christensen, N. B. and Liang, Ruixing and Bonn, D. A. and Hardy, W. N. and R\"utt, U. and Gutowski, O. and Zimmermann, M. v and Forgan, E. M. and Hayden, S. M.},
  title   = {X-Ray Diffraction Observations of a Charge-Density-Wave Order in Superconducting Ortho-II $YBa_2Cu_3O_6.54$ Single Crystals in Zero Magnetic Field},
  journal = {Phys. Rev. Lett.},
  year    = {2013},
  volume  = {110},
  pages   = {137004},
  type    = {Journal Article},
}

@Article{Bonesteel1999,
  author  = {Bonesteel, N.},
  title   = {Singular Pair Breaking in the Composite Fermi Liquid Description of the Half-Filled Landau Level},
  journal = {Physical Review Letters},
  year    = {1999},
  volume  = {82},
  pages   = {984-984-987--987},
  type    = {Journal Article},
  url     = {http://adsabs.harvard.edu.ezp-prod1.hul.harvard.edu/abs/1999PhRvL..82..984B},
}

@Article{Broecker2017a,
  author = {Broecker, Peter and Assaad, Fakher F. and Trebst, Simon},
  title  = {Quantum phase recognition via unsupervised machine learning},
  year   = {2017},
  type   = {Journal Article},
  url    = {https://arxiv.org/abs/1707.00663},
}

@Article{Carleo2017,
  author  = {Carleo, Giuseppe and Troyer, Matthias},
  title   = {Solving the quantum many-body problem with artificial neural networks},
  journal = {Science},
  year    = {2017},
  volume  = {355},
  number  = {6325},
  pages   = {602--606},
  type    = {Journal Article},
}

@Article{Chang2012,
  author  = {Chang, J. and Blackburn, E. and Holmes, A. T. and Christensen, N. B. and Larsen, J. and Mesot, J. and Liang, Ruixing and Bonn, D. A. and Hardy, W. N. and Watenphul, A. and Zimmermann, M. v and Forgan, E. M. and Hayden, S. M.},
  title   = {Direct observation of competition between superconductivity and charge density wave order in YBa$_2$Cu$_3$O$_6.67$},
  journal = {Nat Phys},
  year    = {2012},
  volume  = {8},
  number  = {12},
  pages   = {871--876},
  type    = {Journal Article},
}

@Article{Comin2014a,
  author  = {Comin, R. and Frano, A. and Yee, M. M. and Yoshida, Y. and Eisaki, H. and Schierle, E. and Weschke, E. and Sutarto, R. and He, F. and Soumyanarayanan, A. and He, Yang and Le Tacon, M. and Elfimov, I. S. and Hoffman, Jennifer E. and Sawatzky, G. A. and Keimer, B. and Damascelli, A.},
  title   = {Charge Order Driven by Fermi-Arc Instability in Bi$_2$Sr$_2-x$La$_x$CuO$_6+\delta$},
  journal = {Science},
  year    = {2014},
  volume  = {343},
  number  = {6169},
  pages   = {390-392},
  type    = {Journal Article},
  url     = {http://www.sciencemag.org/content/343/6169/390.abstract},
}

@Article{SilvaNeto2014,
  author  = {da Silva Neto, Eduardo H. and Aynajian, Pegor and Frano, Alex and Comin, Riccardo and Schierle, Enrico and Weschke, Eugen and Gyenis, András and Wen, Jinsheng and Schneeloch, John and Xu, Zhijun and Ono, Shimpei and Gu, Genda and Le Tacon, Mathieu and Yazdani, Ali},
  title   = {Ubiquitous Interplay Between Charge Ordering and High-Temperature Superconductivity in Cuprates},
  journal = {Science},
  year    = {2014},
  volume  = {343},
  number  = {6169},
  pages   = {393-396},
  type    = {Journal Article},
  url     = {http://www.sciencemag.org/content/343/6169/393.abstract},
}

@Article{Efetov2013,
  author  = {Efetov, K. B. and Meier, H. and Pepin, C.},
  title   = {Pseudogap state near a quantum critical point},
  journal = {Nat Phys},
  year    = {2013},
  volume  = {9},
  number  = {7},
  pages   = {442--446},
  issn    = {1745-2473},
  doi     = {10.1038/nphys2641; http://www.nature.com/nphys/journal/v9/n7/abs/nphys2641.html#supplementary-information},
  type    = {Journal Article},
  url     = {http://dx.doi.org/10.1038/nphys2641},
}

@Article{Fischer2011,
  author  = {Fischer, Mark and Kim, Eun-ah},
  title   = {Mean-field analysis of intra-unit-cell order in the Emery model of the CuO\_\ 2\ plane},
  journal = {Physical Review B},
  year    = {2011},
  volume  = {84},
  number  = {14},
  issn    = {1098-0121},
  doi     = {10.1103/PhysRevB.84.144502},
  type    = {Journal Article},
  url     = {http://link.aps.org/doi/10.1103/PhysRevB.84.144502},
}

@Article{Fradkin1999,
  author  = {Fradkin, E. and Kivelson, S. A.},
  title   = {Liquid-crystal phases of quantum Hall systems},
  journal = {Phys. Rev. B},
  year    = {1999},
  volume  = {59},
  pages   = {8065-8072},
  type    = {Journal Article},
}

@Article{Fradkin1998,
  author  = {Fradkin, Eduardo and Nayak, Chetan and Tsvelik, Alexei and Wilczek, Frank},
  title   = {A Chern-Simons effective field theory for the Pfaffian quantum Hall state},
  journal = {Nuclear Physics},
  year    = {1998},
  volume  = {516},
  pages   = {704},
  type    = {Journal Article},
  url     = {http://adsabs.harvard.edu/cgi-bin/nph-data_query?bibcode=1998NuPhB.516..704F&link_type=ABSTRACT},
}

@Article{Fujita2014a,
  author  = {Fujita, K. and Hamidian, M. H. and Edkins, S. D. and Kim, C. K. and Kohsaka, Y. and Azuma, M. and Takano, M. and Takagi, H. and Eisaki, H. and Uchida, S. and Allais, A. and Lawler, M. J. and Kim, E. A. and Sachdev, S. and Davis, J. C.},
  title   = {Direct phase-sensitive identification of a d-form factor density wave in underdoped cuprates},
  journal = {Proc Natl Acad Sci U S A},
  year    = {2014},
  volume  = {111},
  number  = {30},
  pages   = {E3026-32},
  issn    = {1091-6490 (Electronic)
0027-8424 (Linking)},
  doi     = {10.1073/pnas.1406297111},
  type    = {Journal Article},
  url     = {http://www.pnas.org/content/111/30/E3026.long},
}

@Article{Fujita2014b,
  author  = {Fujita, K. and Hamidian, M. H. and Edkins, S. D. and Kim, C. K. and Kohsaka, Y. and Azuma, M. and Takano, M. and Takagi, H. and Eisaki, H. and Uchida, S. and Allais, A. and Lawler, M. J. and Kim, E. A. and Sachdev, S. and Séamus Davis, J. C.},
  title   = {Intra-unit-cell Nematic Density Wave: Unified Broken-Symmetry of the Cuprate Pseudogap State},
  journal = {ArXiv e-prints},
  year    = {2014},
  type    = {Journal Article},
}

@Article{Geraedts2016,
  author  = {Geraedts, Scott D. and Nandkishore, Rahul and Regnault, Nicolas},
  title   = {Many-body localization and thermalization: Insights from the entanglement spectrum},
  journal = {Physical Review B},
  year    = {2016},
  volume  = {93},
  number  = {17},
  pages   = {174202},
  type    = {Journal Article},
}

@Article{Geraedts2017,
  author  = {Geraedts, Scott D. and Regnault, Nicolas and Nandkishore, Rahul M.},
  title   = {Characterizing the many-body localization transition through the entanglement spectrum},
  journal = {arXiv preprint arXiv:1705.00631},
  year    = {2017},
  type    = {Journal Article},
}

@Article{Greiter1992,
  author  = {Greiter, Martin and Wen, X. G. and Wilczek, Frank},
  title   = {Paired Hall states},
  journal = {Nuclear Physics},
  year    = {1992},
  volume  = {374},
  pages   = {567},
  type    = {Journal Article},
  url     = {http://adsabs.harvard.edu/cgi-bin/nph-data_query?bibcode=1992NuPhB.374..567G&link_type=ABSTRACT},
}

@Article{Haldane1985,
  author  = {Haldane, F. D. M. and Rezayi, E. H.},
  title   = {Finite-size studies of the incompressible state of the fractionally quantized Hall effect and its excitations},
  journal = {Physical review letters},
  year    = {1985},
  volume  = {54},
  number  = {3},
  pages   = {237},
  type    = {Journal Article},
}

@Article{Halperin1993,
  author  = {Halperin, B. I. and Lee, Patrick A. and Read, Nicholas},
  title   = {Theory of the half-filled Landau level},
  journal = {Physical Review B},
  year    = {1993},
  volume  = {47},
  number  = {12},
  pages   = {7312--7343},
  issn    = {0163-1829},
  doi     = {10.1103/PhysRevB.47.7312},
  type    = {Journal Article},
  url     = {http://link.aps.org/doi/10.1103/PhysRevB.47.7312},
}

@Article{Hamidian2016,
  author  = {Hamidian, M. H. and Edkins, S. D. and Joo, S. H. and Kostin, A. and Eisaki, H. and Uchida, S. and Lawler, M. J. and Kim, E. A. and Mackenzie, A. P. and Fujita, K. and Lee, J. and Davis, J. C.},
  title   = {Detection of a Cooper-pair density wave in Bi2Sr2CaCu2O8+x},
  journal = {Nature},
  year    = {2016},
  volume  = {532},
  number  = {7599},
  pages   = {343-7},
  issn    = {1476-4687 (Electronic)
0028-0836 (Linking)},
  doi     = {10.1038/nature17411},
  type    = {Journal Article},
  url     = {https://www.nature.com/articles/nature17411},
}

@Article{Hamidian2015,
  author  = {Hamidian, M. H. and Edkins, S. D. and Kim, Chung Koo and Davis, J. C. and Mackenzie, A. P. and Eisaki, H. and Uchida, S. and Lawler, M. J. and Kim, E. A. and Sachdev, S. and Fujita, K.},
  title   = {Atomic-scale electronic structure of the cuprate d-symmetry form factor density wave state},
  journal = {Nature Physics},
  year    = {2015},
  volume  = {12},
  number  = {2},
  pages   = {150-156},
  issn    = {1745-2473
1745-2481},
  doi     = {10.1038/nphys3519},
  type    = {Journal Article},
  url     = {https://www.nature.com/articles/nphys3519},
}

@Article{Hastings2010,
  author  = {Hastings, Matthew B. and Gonz\'alez, Iv 'an and Kallin, Ann B. and Melko, Roger G.},
  title   = {Measuring Renyi Entanglement Entropy in Quantum Monte~Carlo Simulations},
  journal = {Phys. Rev. Lett.},
  year    = {2010},
  volume  = {104},
  pages   = {157201},
  type    = {Journal Article},
  url     = {http://link.aps.org/doi/10.1103/PhysRevLett.104.157201},
}

@Article{Jain1990,
  author  = {Jain, J. K.},
  title   = {Theory of the fractional quantum Hall effect},
  journal = {Physical Review B (Condensed Matter)},
  year    = {1990},
  volume  = {41},
  pages   = {7653},
  type    = {Journal Article},
  url     = {http://adsabs.harvard.edu/cgi-bin/nph-data_query?bibcode=1990PhRvB..41.7653J&link_type=ABSTRACT},
}

@Article{Jordan2015,
  author  = {Jordan, M. I.},
  title   = {Machine learning: Trends, perspectives, and prospects},
  journal = {Science},
  year    = {2015},
  volume  = {349},
  pages   = {255--260},
  type    = {Journal Article},
}

@Article{Kivelson1998,
  author  = {Kivelson, S. A. and Fradkin, E. and Emery, V. J.},
  title   = {Electronic liquid-crystal phases of a doped Mott insulator},
  journal = {Nature},
  year    = {1998},
  volume  = {393},
  number  = {6685},
  pages   = {550--553},
  issn    = {0028-0836},
  type    = {Journal Article},
  url     = {http://dx.doi.org/10.1038/31177},
}
{RN2075,
   author = {Kuroki, Kazuhiko and Onari Seiichiro and Arita Ryotaro and Usui Hidetomo and Tanaka Yukio and Kontani Hiroshi and Aoki Hideo},
   title = {Unconventional Pairing Originating from the Disconnected Fermi Surfaces of Superconducting LaFeAsO\_\ 1-x\ F\_\ x\},
   journal = {Physical Review Letters},
   volume = {101},
   number = {8},
   pages = {1--4},
   ISSN = {0031-9007},
   DOI = {10.1103/PhysRevLett.101.087004},
   url = {http://link.aps.org/doi/10.1103/PhysRevLett.101.087004},
   year = {2008},
   type = {Journal Article}
}

@Article{Lawler2010,
  author  = {Lawler, M. J. and Fujita, K. and Lee, Jhinhwan and Schmidt, A. R. and Kohsaka, Y. and Kim, Chung Koo and Eisaki, H. and Uchida, S. and Davis, J. C. and Sethna, J. P. and Kim, Eun-Ah},
  title   = {Intra-unit-cell electronic nematicity of the high-Tc copper-oxide pseudogap states},
  journal = {Nature},
  year    = {2010},
  volume  = {466},
  number  = {7304},
  pages   = {347--351},
  issn    = {0028-0836},
  doi     = {http://www.nature.com/nature/journal/v466/n7304/abs/nature09169.html#supplementary-information},
  type    = {Journal Article},
  url     = {http://dx.doi.org/10.1038/nature09169},
}

@Article{Lee2017,
  author  = {Lee, Kyungmin and Kim, E.-A.},
  title   = {Emergent Topological Superconductivity at Nematic Domain Wall of FeSe},
  journal = {arXiv},
  year    = {2017},
  volume  = {1702.03294},
  pages   = {under review at Phys. Rev. Lett.},
  type    = {Journal Article},
  url     = {https://arxiv.org/abs/1702.03294},
}

@Article{Lee2016,
  author  = {Lee, Kyungmin and Kivelson, Steven A. and Kim, Eun-Ah},
  title   = {Cold-spots and glassy nematicity in underdoped cuprates},
  journal = {Physical Review B},
  year    = {2016},
  volume  = {94},
  number  = {1},
  issn    = {2469-9950
2469-9969},
  doi     = {doi.org/10.1103/PhysRevB.94.014204},
  type    = {Journal Article},
  url     = {https://journals.aps.org/prb/abstract/10.1103/PhysRevB.94.014204},
}

@Article{Li2008,
  author  = {Li, Hui and Haldane, F. D. M.},
  title   = {Entanglement Spectrum as a Generalization of Entanglement Entropy: Identification of Topological Order in Non-Abelian Fractional Quantum Hall Effect States},
  journal = {Phys. Rev. Lett.},
  year    = {2008},
  volume  = {101},
  pages   = {010504},
  type    = {Journal Article},
  url     = {https://link.aps.org/doi/10.1103/PhysRevLett.101.010504},
}

@Article{Lilly1999,
  author  = {Lilly, M. P. and Cooper, K. B. and Eisenstein, J. P. and Pfeiffer, L. N. and West, K. W.},
  title   = {Anisotropic States of Two-Dimensional Electron Systems in High Landau Levels: Effect of an In-Plane Magnetic Field},
  journal = {Physical Review Letters},
  year    = {1999},
  volume  = {83},
  pages   = {824},
  type    = {Journal Article},
  url     = {http://adsabs.harvard.edu/cgi-bin/nph-data_query?bibcode=1999PhRvL..83..824L&link_type=ABSTRACT},
}

@Article{Liu2016,
  author  = {Liu, Zhao and Bhatt, R. N.},
  title   = {Quantum Entanglement as a Diagnostic of Phase Transitions in Disordered Fractional Quantum Hall Liquids},
  journal = {Phys. Rev. Lett.},
  year    = {2016},
  volume  = {117},
  pages   = {206801},
  type    = {Journal Article},
  url     = {https://link.aps.org/doi/10.1103/PhysRevLett.117.206801},
}
{RN2076,
   author = {Mazin, I. I. and Singh D. J. and Johannes M. D. and Du M. H.},
   title = {Unconventional Superconductivity with a Sign Reversal in the Order Parameter of LaFeAsO\_\ 1-x\ F\_\ x\},
   journal = {Physical Review Letters},
   volume = {101},
   number = {5},
   pages = {1--4},
   ISSN = {0031-9007},
   DOI = {10.1103/PhysRevLett.101.057003},
   url = {http://link.aps.org/doi/10.1103/PhysRevLett.101.057003},
   year = {2008},
   type = {Journal Article}
}

@Article{Mesaros2016,
  author  = {Mesaros, A. and Fujita, K. and Edkins, S. D. and Hamidian, M. H. and Eisaki, H. and Uchida, S. I. and Davis, J. C. and Lawler, M. J. and Kim, E. A.},
  title   = {Commensurate 4a0-period charge density modulations throughout the Bi2Sr2CaCu2O8+x pseudogap regime},
  journal = {Proc Natl Acad Sci U S A},
  year    = {2016},
  issn    = {1091-6490 (Electronic)
0027-8424 (Linking)},
  doi     = {10.1073/pnas.1614247113},
  type    = {Journal Article},
  url     = {http://www.pnas.org/content/113/45/12661},
}

@Article{Mesaros2011,
  author  = {Mesaros, A. and Fujita, K. and Eisaki, H. and Uchida, S. and Davis, J. C. and Sachdev, S. and Zaanen, J. and Lawler, M. J. and Kim, Eun-Ah},
  title   = {Topological defects coupling smectic modulations to intra-unit-cell nematicity in cuprates.},
  journal = {Science (New York, N.Y.)},
  year    = {2011},
  volume  = {333},
  number  = {6041},
  pages   = {426--30},
  issn    = {1095-9203},
  doi     = {10.1126/science.1201082},
  type    = {Journal Article},
  url     = {http://www.sciencemag.org/content/333/6041/426.long},
}

@Article{Mesaros2017,
  author  = {Mesaros, Andrej and Lawler, Michael J. and Kim, Eun-Ah},
  title   = {Nematic fluctuations balancing the zoo of phases in half-filled quantum Hall systems},
  journal = {Physical Review B},
  year    = {2017},
  volume  = {95},
  number  = {12},
  issn    = {2469-9950
2469-9969},
  doi     = {10.1103/PhysRevB.95.125127},
  type    = {Journal Article},
  url     = {https://journals.aps.org/prb/abstract/10.1103/PhysRevB.95.125127},
}

@Article{Metlitski2010,
  author  = {Metlitski, Max A. and Sachdev, Subir},
  title   = {Quantum phase transitions of metals in two spatial dimensions. II. Spin density wave order},
  journal = {Phys. Rev. B},
  year    = {2010},
  volume  = {82},
  pages   = {075128},
  type    = {Journal Article},
  url     = {http://link.aps.org/doi/10.1103/PhysRevB.82.075128},
}

@Article{Metzner2003,
  author  = {Metzner, W. and Rohe, D. and Andergassen, S.},
  title   = {Soft Fermi Surfaces and Breakdown of Fermi-Liquid Behavior},
  journal = {Phys. Rev. Lett.},
  year    = {2003},
  volume  = {91},
  number  = {6},
  pages   = {066402},
  type    = {Journal Article},
}

@Article{Moore1991,
  author  = {Moore, Gregory and Read, Nicholas},
  title   = {Nonabelions in the fractional quantum hall effect},
  journal = {Nuclear Physics B},
  year    = {1991},
  volume  = {360},
  number  = {2-3},
  pages   = {362--396},
  type    = {Journal Article},
  url     = {http://google.com},
}

@Article{Morinari1998,
  author  = {Morinari, Takao},
  title   = {Quantum Hall Effect at Half-Filled Landau Level: Pairing of Composite Fermions},
  journal = {Physical Review Letters},
  year    = {1998},
  volume  = {81},
  pages   = {3741},
  type    = {Journal Article},
  url     = {http://adsabs.harvard.edu/cgi-bin/nph-data_query?bibcode=1998PhRvL..81.3741M&link_type=ABSTRACT},
}

@Article{Mross2010,
  author  = {Mross, David F. and McGreevy, John and Liu, Hong and Senthil, T.},
  title   = {Controlled expansion for certain non-Fermi-liquid metals},
  journal = {Physical Review B},
  year    = {2010},
  volume  = {82},
  pages   = {45121},
  type    = {Journal Article},
  url     = {http://adsabs.harvard.edu/cgi-bin/nph-data_query?bibcode=2010PhRvB..82d5121M&link_type=ABSTRACT},
}

@Article{Nandkishore2015a,
  author  = {Nandkishore, Rahul and Huse, David A.},
  title   = {Many-Body Localization and Thermalization in Quantum Statistical Mechanics},
  journal = {Annual Review of Condensed Matter Physics},
  year    = {2015},
  volume  = {6},
  pages   = {15},
  type    = {Journal Article},
  url     = {http://www.annualreviews.org/doi/10.1146/annurev-conmatphys-031214-014726},
}

@Article{Polchinski1994,
  author  = {Polchinski, Joseph},
  title   = {Low-energy dynamics of the spinon-gauge system},
  journal = {Nuclear Physics},
  year    = {1994},
  volume  = {422},
  pages   = {617},
  type    = {Journal Article},
  url     = {http://adsabs.harvard.edu/cgi-bin/nph-data_query?bibcode=1994NuPhB.422..617P&link_type=ABSTRACT},
}

@Article{Qi2012,
  author  = {Qi, Xiao-Liang and Katsura, Hosho and Ludwig, Andreas W. W.},
  title   = {General Relationship between the Entanglement Spectrum and the Edge State Spectrum of Topological Quantum States},
  journal = {Phys. Rev. Lett.},
  year    = {2012},
  volume  = {108},
  pages   = {196402},
  type    = {Journal Article},
  url     = {https://link.aps.org/doi/10.1103/PhysRevLett.108.196402},
}

@Article{Ramshaw2015,
  author  = {Ramshaw, B. J. and Shekhter, Arkady and McDonald, Ross D. and Betts, Jon B. and Mitchell, J. N. and Tobash, P. H. and Mielke, C. H. and Bauer, E. D. and Migliori, Albert},
  title   = {Avoided valence transition in a plutonium superconductor},
  journal = {Proceedings of the National Academy of Sciences},
  year    = {2015},
  volume  = {112},
  number  = {11},
  pages   = {3285-3289},
  doi     = {10.1073/pnas.1421174112},
  type    = {Journal Article},
  url     = {http://www.pnas.org/content/112/11/3285.abstract},
}

@Article{Regnault2011,
  author  = {Regnault, N. and Bernevig, B. Andrei},
  title   = {Fractional Chern Insulator},
  journal = {Phys. Rev. X},
  year    = {2011},
  volume  = {1},
  pages   = {021014},
  type    = {Journal Article},
  url     = {http://link.aps.org/doi/10.1103/PhysRevX.1.021014},
}

@Article{Scalapino1993,
  author  = {Scalapino, Douglas J. and White, Steven R. and Zhang, Shoucheng},
  title   = {Insulator, metal, or superconductor: The criteria},
  journal = {Phys. Rev. B},
  year    = {1993},
  volume  = {47},
  pages   = {7995--8007},
  type    = {Journal Article},
  url     = {http://link.aps.org/doi/10.1103/PhysRevB.47.7995},
}

@Article{Serbyn2016,
  author  = {Serbyn, Maksym and Michailidis, Alexios A. and Abanin, Dmitry A. and Papić, Z.},
  title   = {Power-law entanglement spectrum in many-body localized phases},
  journal = {Physical review letters},
  year    = {2016},
  volume  = {117},
  number  = {16},
  pages   = {160601},
  type    = {Journal Article},
}

@Article{Shao2014,
  author  = {Shao, J. and Kim, E. A. and Haldane, F. D. M. and Rezayi, E. H.},
  title   = {Entanglement entropy of the $nu=1/2\$ composite fermion non-Fermi liquid state},
  journal = {Phys. Rev. Lett.},
  year    = {2014},
  volume  = {114},
  pages   = {206402},
  type    = {Journal Article},
  url     = {http://adsabs.harvard.edu/abs/2014arXiv1403.0577S},
}

@Article{She2015,
  author  = {She, Jian-Huang and Lawler, Michael J. and Kim, Eun-Ah},
  title   = {Anomalous scaling of the penetration depth in nodal superconductors},
  journal = {Physical Review B},
  year    = {2015},
  volume  = {92},
  number  = {3},
  issn    = {1098-0121
1550-235X},
  doi     = {10.1103/PhysRevB.92.035112},
  type    = {Journal Article},
  url     = {https://journals.aps.org/prb/abstract/10.1103/PhysRevB.92.035112},
}

@Article{She2017a,
  author  = {She, J. H. and Lawler, M. J. and Kim, E.-A.},
  title   = {Mechanism for Nematic Superconductivity in FeSe},
  journal = {arXiv},
  year    = {2017},
  volume  = {1701.07813},
  pages   = {under review at Phys. Rev. Lett.},
  type    = {Journal Article},
  url     = {https://arxiv.org/abs/1701.07813},
}

@Article{Shekhter2013,
  author  = {Shekhter, Arkady and Ramshaw, B. J. and Liang, Ruixing and Hardy, W. N. and Bonn, D. A. and Balakirev, Fedor F. and McDonald, Ross D. and Betts, Jon B. and Riggs, Scott C. and Migliori, Albert},
  title   = {Bounding the pseudogap with a line of phase transitions in YBa2Cu3O6+[dgr]},
  journal = {Nature},
  year    = {2013},
  volume  = {498},
  number  = {7452},
  pages   = {75-77},
  issn    = {0028-0836},
  doi     = {10.1038/nature12165
http://www.nature.com/nature/journal/v498/n7452/abs/nature12165.html#supplementary-information},
  type    = {Journal Article},
  url     = {http://dx.doi.org/10.1038/nature12165},
}

@Article{Sheng2003,
  author  = {Sheng, D. N. and Wan, Xin and Rezayi, E. H. and Yang, Kun and Bhatt, R. N. and Haldane, F. D. M.},
  title   = {Disorder-Driven Collapse of the Mobility Gap and Transition to an Insulator in the Fractional Quantum Hall Effect},
  journal = {Phys. Rev. Lett.},
  year    = {2003},
  volume  = {90},
  pages   = {256802},
  type    = {Journal Article},
  url     = {https://link.aps.org/doi/10.1103/PhysRevLett.90.256802},
}

@Article{Thomale2010,
  author  = {Thomale, R. and Sterdyniak, A. and Regnault, N. and Bernevig, B. Andrei},
  title   = {Entanglement gap and a new principle of adiabatic continuity},
  journal = {Physical review letters},
  year    = {2010},
  volume  = {104},
  number  = {18},
  pages   = {180502},
  type    = {Journal Article},
}

@Article{Venderley2017a,
  author  = {Venderley, J. and Kim, E.-A.},
  title   = {A DMRG study: Pair-density wave in spin-valley locked systems},
  journal = {arXiv},
  year    = {2017},
  volume  = {1709.10058},
  type    = {Journal Article},
  url     = {https://arxiv.org/abs/1709.10058},
}

@Article{Wan2005,
  author  = {Wan, Xin and Sheng, D. N. and Rezayi, E. H. and Yang, Kun and Bhatt, R. N. and Haldane, F. D. M.},
  title   = {Mobility gap in fractional quantum Hall liquids: Effects of disorder and layer thickness},
  journal = {Phys. Rev. B},
  year    = {2005},
  volume  = {72},
  pages   = {075325},
  type    = {Journal Article},
  url     = {https://link.aps.org/doi/10.1103/PhysRevB.72.075325},
}

@Article{Wang2003,
  author  = {Wang, Qiang-Hua and Lee Dung-Hai},
  title   = {Quasiparticle scattering interference in high-temperature superconductors},
  journal = {Physical Review B},
  year    = {2003},
  volume  = {67},
  number  = {2},
  pages   = {1--4},
  issn    = {0163-1829},
  doi     = {10.1103/PhysRevB.67.020511},
  type    = {Journal Article},
  url     = {http://link.aps.org/doi/10.1103/PhysRevB.67.020511},
}

@Article{White1998a,
  author  = {White, Steven and Scalapino D.},
  title   = {Density Matrix Renormalization Group Study of the Striped Phase in the 2D t-J Model},
  journal = {Physical Review Letters},
  year    = {1998},
  volume  = {80},
  number  = {6},
  pages   = {1272--1275},
  issn    = {0031-9007},
  doi     = {10.1103/PhysRevLett.80.1272},
  type    = {Journal Article},
  url     = {http://link.aps.org/doi/10.1103/PhysRevLett.80.1272},
}

@Article{Wildeboer2017,
  author  = {Wildeboer, Julia and Seidel, Alexander and Melko, Roger G.},
  title   = {Entanglement entropy and topological order in resonating valence-bond quantum spin liquids},
  journal = {Phys. Rev. B},
  year    = {2017},
  volume  = {95},
  pages   = {100402},
  type    = {Journal Article},
  url     = {https://link.aps.org/doi/10.1103/PhysRevB.95.100402},
}

@Article{Willett2013,
  author  = {Willett, R.},
  title   = {The quantum Hall effect at 5/2 filling factor},
  journal = {Reports on Progress in Physics},
  year    = {2013},
  volume  = {76},
  number  = {7},
  pages   = {6501--6501},
  type    = {Journal Article},
  url     = {http://adsabs.harvard.edu/abs/2013RPPh...76g6501W},
}

@Article{Willett1987,
  author  = {Willett, R. and Eisenstein, J. P. and Stormer, H. L. and Gossard, A. C. and Tsui, D. C.},
  title   = {Observation of an even-denominator quantum number in the fractional quantum Hall effect},
  journal = {Physical Review Letters (ISSN 0031-9007)},
  year    = {1987},
  volume  = {59},
  pages   = {1776},
  type    = {Journal Article},
  url     = {http://adsabs.harvard.edu/cgi-bin/nph-data_query?bibcode=1987PhRvL..59.1776W&link_type=ABSTRACT},
}

@Article{Xu2008,
  author  = {Xu, Cenke and Qi, Yang and Sachdev, Subir},
  title   = {Experimental observables near a nematic quantum critical point in the pnictide and cuprate superconductors},
  journal = {Phys. Rev. B},
  year    = {2008},
  volume  = {78},
  pages   = {134507},
  type    = {Journal Article},
  url     = {http://link.aps.org/doi/10.1103/PhysRevB.78.134507},
}

@Article{Zdeborova2017,
  author  = {Zdeborová, Lenka},
  title   = {Machine learning: New tool in the box},
  journal = {Nature Physics},
  year    = {2017},
  volume  = {13},
  pages   = {420--421},
  type    = {Journal Article},
}

@Article{Zhang2011,
  author  = {Zhang, Yi and Grover, Tarun and Vishwanath, Ashvin},
  title   = {Entanglement Entropy of Critical Spin Liquids},
  journal = {Phys. Rev. Lett.},
  year    = {2011},
  volume  = {107},
  pages   = {067202},
  type    = {Journal Article},
  url     = {http://link.aps.org/doi/10.1103/PhysRevLett.107.067202},
}

@Article{Zhang2017a,
  author  = {Zhang, Y. and Kim, E. A.},
  title   = {Quantum Loop Topography for Machine Learning},
  journal = {Phys Rev Lett},
  year    = {2017},
  volume  = {118},
  number  = {21},
  pages   = {216401},
  issn    = {1079-7114 (Electronic)
0031-9007 (Linking)},
  doi     = {10.1103/PhysRevLett.118.216401},
  type    = {Journal Article},
  url     = {https://doi.org/10.1103/PhysRevLett.118.216401},
}

@Article{Achkar2016,
  author  = {Achkar, A. J. and Zwiebler, M. and McMahon, Christopher and He, F. and Sutarto, R. and Djianto, Isaiah and Hao, Zhihao and Gingras, Michel J. P. and Hücker, M. and Gu, G. D. and Revcolevschi, A. and Zhang, H. and Kim, Y. J. and Geck, J. and Hawthorn, D. G.},
  title   = {Nematicity in stripe-ordered cuprates probed via resonant x-ray scattering},
  journal = {Science},
  year    = {2016},
  volume  = {351},
  number  = {6273},
  pages   = {576--578},
  type    = {Journal Article},
}

@Article{Alicea2012,
  author  = {Alicea, Jason},
  title   = {New directions in the pursuit of Majorana fermions in solid state systems},
  journal = {Reports on Progress in Physics},
  year    = {2012},
  volume  = {75},
  number  = {7},
  pages   = {076501},
  type    = {Journal Article},
}

@Article{Altman2015,
  author  = {Altman, Ehud and Vosk, Ronen},
  title   = {Universal Dynamics and Renormalization in Many-Body-Localized Systems},
  journal = {Annual Review of Condensed Matter Physics},
  year    = {2015},
  volume  = {6},
  number  = {1},
  pages   = {383-409},
  issn    = {1947-5454
1947-5462},
  doi     = {10.1146/annurev-conmatphys-031214-014701},
  type    = {Journal Article},
}

@Article{Amin2016,
  author  = {Amin, M. H. and Andriyash, E. and Rolfe, J. and Kulchytskyy, B. and Melko, R.},
  title   = {Quantum Boltzmann Machine},
  journal = {arxiv},
  year    = {2016},
  type    = {Journal Article},
  url     = {https://arxiv.org/abs/1601.02036},
}

@Article{Anderson1958,
  author  = {Anderson, P. W.},
  title   = {Absence of Diffusion in Certain Random Lattices},
  journal = {Physical Review},
  year    = {1958},
  volume  = {109},
  number  = {5},
  pages   = {1492-1505},
  issn    = {0031-899X},
  doi     = {10.1103/PhysRev.109.1492},
  type    = {Journal Article},
}

@Article{Ando2002,
  author  = {Ando, Yoichi and Segawa, Kouji and Komiya, Seiki and Lavrov, A. N.},
  title   = {Electrical Resistivity Anisotropy from Self-Organized One Dimensionality in High-Temperature Superconductors},
  journal = {Phys. Rev. Lett.},
  year    = {2002},
  volume  = {88},
  number  = {13},
  pages   = {137005},
  type    = {Journal Article},
}

@Misc{2017a,
  year = {2017},
  type = {Online Multimedia},
  url  = {http://www.sciencemag.org/news/2017/07/ai-revolution-science},
}

@Article{Balatsky2006,
  author  = {Balatsky, A. V. and Vekhter, I. and Zhu, Jian-Xin},
  title   = {Impurity-induced states in conventional and unconventional superconductors},
  journal = {Rev. Mod. Phys.},
  year    = {2006},
  volume  = {78},
  number  = {2},
  pages   = {373--433},
  type    = {Journal Article},
}

@Article{Basko2006,
  author  = {Basko, D. M. and Aleiner, I. L. and Altshuler, B. L.},
  title   = {Metal–insulator transition in a weakly interacting many-electron system with localized single-particle states},
  journal = {Annals of Physics},
  year    = {2006},
  volume  = {321},
  number  = {5},
  pages   = {1126-1205},
  issn    = {00034916},
  doi     = {10.1016/j.aop.2005.11.014},
  type    = {Journal Article},
}

@Article{Bela2013,
  author  = {Bela, Bauer and Chetan, Nayak},
  title   = {Area laws in a many-body localized state and its implications for topological order},
  journal = {Journal of Statistical Mechanics: Theory and Experiment},
  year    = {2013},
  volume  = {2013},
  number  = {09},
  pages   = {P09005},
  issn    = {1742-5468},
  type    = {Journal Article},
  url     = {http://stacks.iop.org/1742-5468/2013/i=09/a=P09005},
}

@Article{Berg2008,
  author  = {Berg, E. and Chen, C. C. and Kivelson, S. A.},
  title   = {Stability of Nodal Quasiparticles in Superconductors with Coexisting Orders},
  journal = {Physical Review Letters},
  year    = {2008},
  volume  = {100},
  number  = {2},
  pages   = {027003},
  type    = {Journal Article},
  url     = {https://link.aps.org/doi/10.1103/PhysRevLett.100.027003},
}

@Article{Berg2007,
  author  = {Berg, E. and Fradkin, E. and Kim, E. A. and Kivelson, S. A. and Oganesyan, V. and Tranquada, J. M. and Zhang, S. C.},
  title   = {Dynamical Layer Decoupling in a Stripe-Ordered High-$T_c$ Superconductor},
  journal = {Phys. Rev. Lett.},
  year    = {2007},
  volume  = {99},
  pages   = {127003},
  type    = {Journal Article},
  url     = {http://link.aps.org/doi/10.1103/PhysRevLett.99.127003},
}

@Article{Berg2012,
  author  = {Berg, Erez and Metlitski, Max A. and Sachdev, Subir},
  title   = {Sign-Problem–Free Quantum Monte Carlo of the Onset of Antiferromagnetism in Metals},
  journal = {Science},
  year    = {2012},
  volume  = {338},
  number  = {6114},
  pages   = {1606},
  type    = {Journal Article},
  url     = {http://science.sciencemag.org/content/338/6114/1606.abstract},
}

@Article{Blok1990,
  author  = {Blok, B. and Wen, Xiao-Gang},
  title   = {Effective theories of the fractional quantum Hall effect at generic filling fractions},
  journal = {Physical Review B (Condensed Matter)},
  year    = {1990},
  volume  = {42},
  pages   = {8133},
  type    = {Journal Article},
}

@Article{Bouadim2011,
  author  = {Bouadim, Karim and Loh, Yen Lee and Randeria, Mohit and Trivedi, Nandini},
  title   = {Single- and two-particle energy gaps across the disorder-driven superconductor-insulator transition},
  journal = {Nat. Phys.},
  year    = {2011},
  volume  = {7},
  number  = {11},
  pages   = {884--889},
  type    = {Journal Article},
}

@Article{Broecker2017,
  author  = {Broecker, Peter and Carrasquilla, Juan and Melko, Roger G. and Trebst, Simon},
  title   = {Machine learning quantum phases of matter beyond the fermion sign problem},
  journal = {Scientific Reports},
  year    = {2017},
  volume  = {7},
  doi     = {10.1038/s41598-017-09098-0},
  type    = {Journal Article},
  url     = {https://dx.doi.org/10.1038/s41598-017-09098-0},
}

@Article{Capponi2002,
  author  = {Capponi, Sylvain and Poilblanc, Didier},
  title   = {Charge density correlations in $t\ensuremath{-}J$ ladders investigated by the contractor-renormalization method},
  journal = {Physical Review B},
  year    = {2002},
  volume  = {66},
  number  = {18},
  pages   = {180503},
  type    = {Journal Article},
  url     = {https://link.aps.org/doi/10.1103/PhysRevB.66.180503},
}

@Article{Carrasquilla2017,
  author  = {Carrasquilla, J.},
  title   = {Viewpoint: Neural Networks Identify Topological Phases},
  journal = {Physics},
  year    = {2017},
  volume  = {10},
  pages   = {56},
  type    = {Journal Article},
  url     = {https://physics.aps.org/articles/v10/56},
}

@Article{Carrasquilla2017a,
  author  = {Carrasquilla, Juan and Melko, Roger G.},
  title   = {Machine learning phases of matter},
  journal = {Nat Phys},
  year    = {2017},
  volume  = {13},
  number  = {5},
  pages   = {431--434},
  issn    = {1745-2473},
  doi     = {10.1038/nphys4035; http://www.nature.com/nphys/journal/v13/n5/abs/nphys4035.html#supplementary-information},
  type    = {Journal Article},
  url     = {http://dx.doi.org/10.1038/nphys4035},
}

@Article{Ch’ng2017,
  author  = {Ch’ng, Kelvin and Carrasquilla, Juan and Melko, Roger G. and Khatami, Ehsan},
  title   = {Machine Learning Phases of Strongly Correlated Fermions},
  journal = {Physical Review X},
  year    = {2017},
  volume  = {7},
  number  = {3},
  pages   = {031038},
  type    = {Journal Article},
  url     = {https://link.aps.org/doi/10.1103/PhysRevX.7.031038},
}

@Article{Chang2016,
  author  = {Chang, J. and Blackburn, E. and Ivashko, O. and Holmes, A. T. and Christensen, N. B. and Hucker, M. and Liang, Ruixing and Bonn, D. A. and Hardy, W. N. and Rutt, U. and Zimmermann, M. v and Forgan, E. M. and Hayden, S. M.},
  title   = {Magnetic field controlled charge density wave coupling in underdoped YBa2Cu3O6+x},
  journal = {Nat. Commun.},
  year    = {2016},
  volume  = {7},
  pages   = {11494},
  type    = {Journal Article},
  url     = {http://dx.doi.org/10.1038/ncomms11494},
}

@Article{Chia2003,
  author  = {Chia, Elbert E. M. and Van Harlingen, D. J. and Salamon, M. B. and Yanoff, Brian D. and Bonalde, I. and Sarrao, J. L.},
  title   = {Nonlocality and strong coupling in the heavy fermion superconductor ${\mathrm{CeCoIn}}_{5}:$ A penetration depth study},
  journal = {Physical Review B},
  year    = {2003},
  volume  = {67},
  number  = {1},
  pages   = {014527},
  type    = {Journal Article},
  url     = {https://link.aps.org/doi/10.1103/PhysRevB.67.014527},
}

@Article{Chubukov2016,
  author  = {Chubukov, Andrey V. and Khodas, M. and Fernandes, Rafael M.},
  title   = {Magnetism, Superconductivity, and Spontaneous Orbital Order in Iron-Based Superconductors: Which Comes First and Why?},
  journal = {Phys. Rev. X},
  year    = {2016},
  volume  = {6},
  pages   = {041045},
  type    = {Journal Article},
  url     = {http://link.aps.org/doi/10.1103/PhysRevX.6.041045},
}

@Article{Comin2016,
  author  = {Comin, Riccardo and Damascelli, Andrea},
  title   = {Resonant X-Ray Scattering Studies of Charge Order in Cuprates},
  journal = {Annual Review of Condensed Matter Physics},
  year    = {2016},
  volume  = {7},
  number  = {1},
  pages   = {369-405},
  issn    = {1947-5454},
  doi     = {10.1146/annurev-conmatphys-031115-011401},
  type    = {Journal Article},
  url     = {https://doi.org/10.1146/annurev-conmatphys-031115-011401},
}

@Article{Comin2014,
  author  = {Comin, R. and Frano, A. and Yee, M. M. and Yoshida, Y. and Eisaki, H. and Schierle, E. and Weschke, E. and Sutarto, R. and He, F. and Soumyanarayanan, A. and He, Yang and Tacon, M. Le and Elfimov, I. S. and Hoffman, Jennifer E. and Sawatzky, G. A. and Keimer, B. and Damascelli, A.},
  title   = {Charge Order Driven by Fermi-Arc Instability in Bi2Sr2-xLaxCuO6+\delta},
  journal = {Science},
  year    = {2014},
  volume  = {343},
  number  = {6169},
  pages   = {390--392},
  type    = {Journal Article},
}

@Article{Comin2015,
  author  = {Comin, R. and Sutarto, R. and He, F. and da Silva Neto, E. H. and Chauviere, L. and Fraño, A. and Liang, R. and Hardy, W.  N and Bonn, D. A. and Yoshida, Y. and Eisaki, H. and Achkar, A. J. and Hawthorn, D. G. and Keimer, B. and Sawatzky, G.  A and Damascelli, A.},
  title   = {Symmetry of charge order in cuprates},
  journal = {Nature Materials},
  year    = {2015},
  volume  = {14},
  pages   = {796},
  doi     = {10.1038/nmat4295
https://www.nature.com/articles/nmat4295#supplementary-information},
  type    = {Journal Article},
  url     = {http://dx.doi.org/10.1038/nmat4295},
}

@Article{Corboz2014,
  author  = {Corboz, Philippe and Rice, T.  M and Troyer, Matthias},
  title   = {Competing States in the $t$-$J$ Model: Uniform $d$-Wave State versus Stripe State},
  journal = {Physical Review Letters},
  year    = {2014},
  volume  = {113},
  number  = {4},
  pages   = {046402},
  type    = {Journal Article},
  url     = {https://link.aps.org/doi/10.1103/PhysRevLett.113.046402},
}

@Article{Daou2010,
  author  = {Daou, R. and Chang, J. and LeBoeuf, David and Cyr-Choinière, Olivier and Laliberté, Francis and Doiron-Leyraud, Nicolas and Ramshaw, B. J. and Liang, Ruixing and Bonn, D. A. and Hardy, W. N. and Taillefer, Louis},
  title   = {Broken rotational symmetry in the pseudogap phase of a high-Tc superconductor},
  journal = {Nature},
  year    = {2010},
  volume  = {463},
  number  = {7280},
  pages   = {519--522},
  type    = {Journal Article},
}

@Article{DelMaestro2006,
  author  = {Del Maestro, Adrian and Rosenow, Bernd and Sachdev, Subir},
  title   = {From stripe to checkerboard ordering of charge-density waves on the square lattice in the presence of quenched disorder},
  journal = {Phys. Rev. B},
  year    = {2006},
  volume  = {74},
  number  = {2},
  pages   = {024520},
  type    = {Journal Article},
}

@Article{Deng2017,
  author  = {Deng, Dong-Ling and Li, Xiaopeng and Sarma, S. Das},
  title   = {Quantum entanglement in neural network states},
  journal = {Physical Review X},
  year    = {2017},
  volume  = {7},
  number  = {2},
  pages   = {021021},
  type    = {Journal Article},
}

@Article{Du1993,
  author  = {Du, R. R. and Stormer, H. L. and Tsui, D. C. and Pfeiffer, L. N. and West, K. W.},
  title   = {Experimental evidence for new particles in the fractional quantum Hall effect},
  journal = {Physical Review Letters},
  year    = {1993},
  volume  = {70},
  pages   = {2944},
  type    = {Journal Article},
}

@Article{Du1994,
  author  = {Du, R. R. and Stormer, H. L. and Tsui, D. C. and Yeh, A. S. and Pfeiffer, L. N. and West, K. W.},
  title   = {Drastic enhancement of composite fermion mass near Landau level filling v=1/2},
  journal = {Physical Review Letters},
  year    = {1994},
  volume  = {73},
  pages   = {3274},
  type    = {Journal Article},
}

@Article{Emery1987,
  author  = {Emery, V. J.},
  title   = {Theory of high-$T_c$ superconductivity in oxides},
  journal = {Phys. Rev. Lett.},
  year    = {1987},
  volume  = {58},
  number  = {26},
  pages   = {2794--2797},
  type    = {Journal Article},
  url     = {https://doi.org/10.1103/PhysRevLett.58.2794},
}

@Article{Essin2007,
  author  = {Essin, Andrew M. and Moore, J. E.},
  title   = {Topological insulators beyond the Brillouin zone via Chern parity},
  journal = {Physical Review B},
  year    = {2007},
  volume  = {76},
  number  = {16},
  pages   = {165307},
  type    = {Journal Article},
  url     = {https://link.aps.org/doi/10.1103/PhysRevB.76.165307},
}

@Article{Fischer2014,
  author  = {Fischer, Mark H. Fischer and Wu, Si and Lawler, Michael and Paramekanti, Arun and Kim, Eun-Ah},
  title   = {Nematic and spin-charge orders driven by hole-doping a charge-transfer insulator},
  journal = {New Journal of Physics},
  year    = {2014},
  volume  = {16},
  number  = {9},
  pages   = {093057},
  issn    = {1367-2630},
  doi     = {10.1088/1367-2630/16/9/093057},
  type    = {Journal Article},
  url     = {http://stacks.iop.org/1367-2630/16/i=9/a=093057},
}

@InBook{Fogler2002,
  title     = {Stripe and Bubble Phases in Quantum Hall Systems},
  publisher = {Springer},
  year      = {2002},
  author    = {Fogler, M. M.},
  editor    = {Berthier, C. and Levy, L.P. and Martinez, G.},
  series    = {Lecture Notes in Physics},
  type      = {Book Section},
  address   = {Berlin},
  booktitle = {High Magnetic Fields},
  doi       = {10.1007/3-540-45649-X_4},
}

@Article{Fradkin2010,
  author  = {Fradkin, Eduardo and Kivelson, Steven A. and Lawler, Michael J. and Eisenstein, James P. and Mackenzie, Andrew P.},
  title   = {Nematic Fermi Fluids in Condensed Matter Physics},
  journal = {Annual Review of Condensed Matter Physics},
  year    = {2010},
  volume  = {1},
  number  = {1},
  pages   = {153-178},
  issn    = {1947-5454},
  doi     = {10.1146/annurev-conmatphys-070909-103925},
  type    = {Journal Article},
  url     = {https://doi.org/10.1146/annurev-conmatphys-070909-103925},
}

@Article{Fradkin2015,
  author  = {Fradkin, Eduardo and Kivelson, Steven A. and Tranquada, John M.},
  title   = {Colloquium : Theory of intertwined orders in high temperature superconductors},
  journal = {Rev. Mod. Phys.},
  year    = {2015},
  volume  = {87},
  number  = {2},
  pages   = {457--482},
  doi     = {10.1103/RevModPhys.87.457},
  type    = {Journal Article},
  url     = {https://doi.org/10.1103/RevModPhys.87.457},
}

@Article{Fritz2009,
  author  = {Fritz, Lars and Sachdev, Subir},
  title   = {Signatures of the nematic ordering transitions in the thermal conductivity of $d$-wave superconductors},
  journal = {Physical Review B},
  year    = {2009},
  volume  = {80},
  number  = {14},
  pages   = {144503},
  type    = {Journal Article},
  url     = {https://link.aps.org/doi/10.1103/PhysRevB.80.144503},
}

@Article{Fujita2014,
  author  = {Fujita, Kazuhiro and Hamidian, Mohammad H. and Edkins, Stephen D. and Kim, Chung Koo and Kohsaka, Yuhki and Azuma, Masaki and Takano, Mikio and Takagi, Hidenori and Eisaki, Hiroshi and Uchida, Shin-ichi and Allais, Andrea and Lawler, Michael J. and Kim, Eun-Ah and Sachdev, Subir and Davis, J. C. Séamus},
  title   = {Direct phase-sensitive identification of a d-form factor density wave in underdoped cuprates},
  journal = {PNAS},
  year    = {2014},
  volume  = {111},
  number  = {30},
  pages   = {E3026--E3032},
  type    = {Journal Article},
}

@Article{Fulde1964,
  author  = {Fulde, Peter and Ferrell, Richard A.},
  title   = {Superconductivity in a Strong Spin-Exchange Field},
  journal = {Physical Review},
  year    = {1964},
  volume  = {135},
  number  = {3A},
  pages   = {A550--A563},
  type    = {Journal Article},
}

@Article{Garg2008,
  author  = {Garg, Arti and Randeria, Mohit and Trivedi, Nandini},
  title   = {Strong correlations make high-temperature superconductors robust against disorder},
  journal = {Nat. Phys.},
  year    = {2008},
  volume  = {4},
  number  = {10},
  pages   = {762--765},
  type    = {Journal Article},
}

@Article{Gerber2015,
  author  = {Gerber, S. and Jang, H. and Nojiri, H. and Matsuzawa, S. and Yasumura, H. and Bonn, D. A. and Liang, R. and Hardy, W. N. and Islam, Z. and Mehta, A. and Song, S. and Sikorski, M. and Stefanescu, D. and Feng, Y. and Kivelson, S. A. and Devereaux, T. P. and Shen, Z. X. and Kao, C. C. and Lee, W. S. and Zhu, D. and Lee, J. S.},
  title   = {Three-dimensional charge density wave order in YBa2Cu3O6.67 at high magnetic fields},
  journal = {Science},
  year    = {2015},
  volume  = {350},
  number  = {6263},
  pages   = {949--952},
  type    = {Journal Article},
}

@Article{Gerlach2017,
  author  = {Gerlach, Max H. and Schattner, Yoni and Berg, Erez and Trebst, Simon},
  title   = {Quantum critical properties of a metallic spin-density-wave transition},
  journal = {Physical Review B},
  year    = {2017},
  volume  = {95},
  number  = {3},
  pages   = {035124},
  type    = {Journal Article},
  url     = {https://link.aps.org/doi/10.1103/PhysRevB.95.035124},
}

@Article{Ghiringhelli2012,
  author  = {Ghiringhelli, G. and Le Tacon, M. and Minola, M. and Blanco-Canosa, S. and Mazzoli, C. and Brookes, N. B. and De Luca, G. M. and Frano, A. and Hawthorn, D. G. and He, F. and Loew, T. and Sala, M. Moretti and Peets, D. C. and Salluzzo, M. and Schierle, E. and Sutarto, R. and Sawatzky, G. A. and Weschke, E. and Keimer, B. and Braicovich, L.},
  title   = {Long-Range Incommensurate Charge Fluctuations in (Y,Nd)Ba$_2$Cu$_3$O$_6+x$},
  journal = {Science},
  year    = {2012},
  volume  = {337},
  number  = {6096},
  pages   = {821-825},
  type    = {Journal Article},
}

@Article{Glasbrenner2015,
  author  = {Glasbrenner, J. K. and Mazin, I. I. and Jeschke, Harald O. and Hirschfeld, P. J. and Fernandes, R. M. and Valenti, Roser},
  title   = {Effect of magnetic frustration on nematicity and superconductivity in iron chalcogenides},
  journal = {Nat Phys},
  year    = {2015},
  volume  = {11},
  number  = {11},
  pages   = {953--958},
  type    = {Journal Article},
  url     = {http://dx.doi.org/10.1038/nphys3434},
}

@Article{Hardy1993,
  author  = {Hardy, W. N. and Bonn, D. A. and Morgan, D. C. and Liang, Ruixing and Zhang, Kuan},
  title   = {Precision measurements of the temperature dependence of \ensuremath{\lambda} in ${\mathrm{YBa}}_{2}$${\mathrm{Cu}}_{3}$${\mathrm{O}}_{6.95}$: Strong evidence for nodes in the gap function},
  journal = {Physical Review Letters},
  year    = {1993},
  volume  = {70},
  number  = {25},
  pages   = {3999-4002},
  type    = {Journal Article},
  url     = {https://link.aps.org/doi/10.1103/PhysRevLett.70.3999},
}

@Article{Hashimoto2013,
  author  = {Hashimoto, Kenichiro and Mizukami, Yuta and Katsumata, Ryo and Shishido, Hiroaki and Yamashita, Minoru and Ikeda, Hiroaki and Matsuda, Yuji and Schlueter, John A. and Fletcher, Jonathan D. and Carrington, Antony and Gnida, Daniel and Kaczorowski, Dariusz and Shibauchi, Takasada},
  title   = {Anomalous superfluid density in quantum critical superconductors},
  journal = {Proceedings of the National Academy of Sciences},
  year    = {2013},
  volume  = {110},
  number  = {9},
  pages   = {3293-3297},
  type    = {Journal Article},
  url     = {http://www.pnas.org/content/110/9/3293.abstractN2 },
}

@Article{He2011,
  author  = {He, Rui-Hua and Hashimoto, M. and Karapetyan, H. and Koralek, J. D. and Hinton, J. P. and Testaud, J. P. and Nathan, V. and Yoshida, Y. and Yao, Hong and Tanaka, K. and Meevasana, W. and Moore, R. G. and Lu, D. H. and Mo, S. K. and Ishikado, M. and Eisaki, H. and Hussain, Z. and Devereaux, T. P. and Kivelson, S. A. and Orenstein, J. and Kapitulnik, A. and Shen, Z. X.},
  title   = {From a Single-Band Metal to a High-Temperature Superconductor via Two Thermal Phase Transitions},
  journal = {Science},
  year    = {2011},
  volume  = {331},
  number  = {6024},
  pages   = {1579--1583},
  type    = {Journal Article},
}

@Article{Himeda2002,
  author  = {Himeda, A. and Kato, T. and Ogata, M.},
  title   = {Stripe States with Spatially Oscillating $\mathit{d}$-Wave Superconductivity in the Two-Dimensional $\mathit{t}\ensuremath{-}{\mathit{t}}^{\ensuremath{'}}\ensuremath{-}\mathit{J}$ Model},
  journal = {Physical Review Letters},
  year    = {2002},
  volume  = {88},
  number  = {11},
  pages   = {117001},
  type    = {Journal Article},
  url     = {https://link.aps.org/doi/10.1103/PhysRevLett.88.117001},
}

@Article{Hinkov2008,
  author  = {Hinkov, V. and Haug, D. and Fauqué, B. and Bourges, P. and Sidis, Y. and Ivanov, A. and Bernhard, C. and Lin, C. T. and Keimer, B.},
  title   = {Electronic Liquid Crystal State in the High-Temperature Superconductor YBa2Cu3O6.45},
  journal = {Science},
  year    = {2008},
  volume  = {319},
  number  = {5863},
  pages   = {597--600},
  type    = {Journal Article},
}

@Article{Hirschfeld2011,
  author  = {Hirschfeld, P. J. and Korshunov, M. M. and Mazin, I. I.},
  title   = {Gap symmetry and structure of Fe-based superconductors},
  journal = {Reports on Progress in Physics},
  year    = {2011},
  volume  = {74},
  number  = {12},
  pages   = {124508},
  type    = {Journal Article},
  url     = {http://stacks.iop.org/0034-4885/74/i=12/a=124508},
}

@Article{Howald2003,
  author  = {Howald, C. and Eisaki, H. and Kaneko, N. and Greven, M. and Kapitulnik, A.},
  title   = {Periodic density-of-states modulations in superconducting \textdollar\\\backslashmathrmBi\\\\_\2\\\\backslashmathrmSr\\\\_\2\\\\backslashmathrmCaCu\\\\_\2\\\\backslashmathrmO\\\\_\\8+\backslashensuremath\\backslashdelta\\\textdollar},
  journal = {Phys. Rev. B},
  year    = {2003},
  volume  = {67},
  number  = {1},
  pages   = {014533},
  type    = {Journal Article},
}

@Article{Howald2001,
  author  = {Howald, C. and Fournier, P. and Kapitulnik, A.},
  title   = {Inherent inhomogeneities in tunneling spectra of $Bi_2Sr_2CaCu_2O_8-x$ crystals in the superconducting state},
  journal = {Phys. Rev. B},
  year    = {2001},
  volume  = {64},
  pages   = {100504},
  type    = {Journal Article},
  url     = {http://link.aps.org/doi/10.1103/PhysRevB.64.100504},
}

@Article{Hsu2017,
  author  = {Hsu, Yi-Ting and Vaezi, Abolhassan and Fischer, Mark H. and Kim, Eun-Ah},
  title   = {Topological superconductivity in monolayer transition metal dichalcogenides},
  journal = {Nature Communications},
  year    = {2017},
  volume  = {8},
  pages   = {14985},
  doi     = {10.1038/ncomms14985
https://www.nature.com/articles/ncomms14985#supplementary-information},
  type    = {Journal Article},
  url     = {http://dx.doi.org/10.1038/ncomms14985},
}

@Article{Huang2017,
  author  = {Huang, Li and Wang, Lei},
  title   = {Accelerated Monte Carlo simulations with restricted Boltzmann machines},
  journal = {Physical Review B},
  year    = {2017},
  volume  = {95},
  number  = {3},
  pages   = {035105},
  type    = {Journal Article},
  url     = {https://link.aps.org/doi/10.1103/PhysRevB.95.035105},
}

@Article{Huh2008,
  author  = {Huh, Yejin and Sachdev, Subir},
  title   = {Renormalization group theory of nematic ordering in $d$-wave superconductors},
  journal = {Physical Review B},
  year    = {2008},
  volume  = {78},
  number  = {6},
  pages   = {064512},
  type    = {Journal Article},
  url     = {https://link.aps.org/doi/10.1103/PhysRevB.78.064512},
}

@Article{Huse2013,
  author  = {Huse, David A. and Nandkishore, Rahul and Oganesyan, Vadim and Pal, Arijeet and Sondhi, S. L.},
  title   = {Localization-protected quantum order},
  journal = {Physical Review B},
  year    = {2013},
  volume  = {88},
  number  = {1},
  pages   = {014206},
  type    = {Journal Article},
  url     = {https://link.aps.org/doi/10.1103/PhysRevB.88.014206},
}

@Article{Ioffe1998,
  author  = {Ioffe, L. B. and Millis, A. J.},
  title   = {Zone-diagonal-dominated transport in high-\textdollarT\\_\c\textdollar cuprates},
  journal = {Phys. Rev. B},
  year    = {1998},
  volume  = {58},
  number  = {17},
  pages   = {11631--11637},
  type    = {Journal Article},
}

@Article{JavierAlmeida2010,
  author  = {Javier Almeida, Guillaume Roux and Poilblanc, Didier},
  title   = {Pair density waves in coupled doped two-leg ladders},
  journal = {Physical Review B},
  year    = {2010},
  volume  = {82},
  number  = {4},
  type    = {Journal Article},
}

@Article{Jiang2012,
  author  = {Jiang, Hong-Chen and Wang, Zhenghan and Balents, Leon},
  title   = {Identifying topological order by entanglement entropy},
  journal = {Nat Phys},
  year    = {2012},
  volume  = {8},
  number  = {12},
  pages   = {902--905},
  issn    = {1745-2473},
  doi     = {http://www.nature.com/nphys/journal/v8/n12/abs/nphys2465.html#supplementary-information},
  type    = {Journal Article},
  url     = {http://dx.doi.org/10.1038/nphys2465},
}

@Article{Jiang2017,
  author  = {Jiang, Yi-Fan and Li, Zi-Xiang and Kivelson, Steven A. and Yao, Hong},
  title   = {Charge-$4e$ superconductors: A Majorana quantum Monte Carlo study},
  journal = {Physical Review B},
  year    = {2017},
  volume  = {95},
  number  = {24},
  pages   = {241103},
  type    = {Journal Article},
  url     = {https://link.aps.org/doi/10.1103/PhysRevB.95.241103},
}

@Article{Kai-Yu2009,
  author  = {Kai-Yu, Yang and Wei Qiang, Chen and Rice, T. M. and Sigrist, M. and Fu-Chun, Zhang},
  title   = {Nature of stripes in the generalized t – J model applied to the cuprate superconductors},
  journal = {New Journal of Physics},
  year    = {2009},
  volume  = {11},
  number  = {5},
  pages   = {055053},
  issn    = {1367-2630},
  type    = {Journal Article},
  url     = {http://stacks.iop.org/1367-2630/11/i=5/a=055053},
}

@Article{Kalinin2015,
  author  = {Kalinin, S. V. and Sumpter, B. G. and Archibald, R. K.},
  title   = {Big-deep-smart data in imaging for guiding materials design},
  journal = {Nat Mater},
  year    = {2015},
  volume  = {14},
  number  = {10},
  pages   = {973-80},
  issn    = {1476-1122 (Print)
1476-1122 (Linking)},
  doi     = {10.1038/nmat4395},
  type    = {Journal Article},
  url     = {https://doi.org/10.1038/nmat4395},
}

@Article{Kim2010,
  author  = {Kim, Eun-Ah and Lawler, Michael J.},
  title   = {Interference of nematic quantum critical quasiparticles: A route to the octet model},
  journal = {Phys. Rev. B},
  year    = {2010},
  volume  = {81},
  number  = {13},
  pages   = {132501},
  type    = {Journal Article},
}

@Article{Kim2008,
  author  = {Kim, Eun-Ah and Lawler, Michael J. and Oreto, Paul and Sachdev, Subir and Fradkin, Eduardo and Kivelson, Steven A.},
  title   = {Theory of the nodal nematic quantum phase transition in superconductors},
  journal = {Physical Review B},
  year    = {2008},
  volume  = {77},
  number  = {18},
  pages   = {184514},
  type    = {Journal Article},
  url     = {https://link.aps.org/doi/10.1103/PhysRevB.77.184514},
}

@Article{Kitaev2006,
  author  = {Kitaev, Alexei and Preskill, John},
  title   = {Topological Entanglement Entropy},
  journal = {Phys. Rev. Lett.},
  year    = {2006},
  volume  = {96},
  pages   = {110404},
  type    = {Journal Article},
  url     = {http://link.aps.org/doi/10.1103/PhysRevLett.96.110404},
}

@Article{Kjall2014,
  author  = {Kjall, J. A. and Bardarson, J. H. and Pollmann, F.},
  title   = {Many-body localization in a disordered quantum Ising chain},
  journal = {Phys Rev Lett},
  year    = {2014},
  volume  = {113},
  number  = {10},
  pages   = {107204},
  issn    = {1079-7114 (Electronic)
0031-9007 (Linking)},
  doi     = {10.1103/PhysRevLett.113.107204},
  type    = {Journal Article},
  url     = {http://dx.doi.org/10.1103/PhysRevLett.113.107204},
}
{RN2290,
   author = {Krizhevsky, Alex and Sutskever, Ilya and Hinton, Geoffrey E.},
   title = {ImageNet Classification with Deep Convolutional Neural Networks},
   booktitle = {Advances in Neural Information Processing Systems 25},
   publisher = {Curran Associates, Inc.},
   pages = {1097--1105},
   url = {http://papers.nips.cc/paper/4824-imagenet-classification-with-deep-convolutional-neural-networks.pdf},
   year = {2012}.
   type = {Serial}
}

@Article{Larkin1965,
  author  = {Larkin, A. and Ovchinnikov, Y.},
  title   = {Inhomogeneous State of Superconductors},
  journal = {Sov. Phys. JETP},
  year    = {1965},
  volume  = {20},
  number  = {762},
  type    = {Journal Article},
}

@Article{Lederer2017,
  author  = {Lederer, Samuel and Schattner, Yoni and Berg, Erez and Kivelson, Steven A.},
  title   = {Superconductivity and non-Fermi liquid behavior near a nematic quantum critical point},
  journal = {Proceedings of the National Academy of Sciences},
  year    = {2017},
  volume  = {114},
  number  = {19},
  pages   = {4905-4910},
  type    = {Journal Article},
  url     = {http://www.pnas.org/content/114/19/4905.abstractN2 },
}

@Article{Levin2006,
  author  = {Levin, Michael and Wen, Xiao-Gang},
  title   = {Detecting Topological Order in a Ground State Wave Function},
  journal = {Phys. Rev. Lett.},
  year    = {2006},
  volume  = {96},
  pages   = {110405},
  type    = {Journal Article},
  url     = {http://link.aps.org/doi/10.1103/PhysRevLett.96.110405},
}

@Article{Li2016,
  author  = {Li, Zi-Xiang and Jiang, Yi-Fan and Yao, Hong},
  title   = {Majorana-Time-Reversal Symmetries: A Fundamental Principle for Sign-Problem-Free Quantum Monte Carlo Simulations},
  journal = {Physical Review Letters},
  year    = {2016},
  volume  = {117},
  number  = {26},
  pages   = {267002},
  type    = {Journal Article},
  url     = {https://link.aps.org/doi/10.1103/PhysRevLett.117.267002},
}

@Article{Li2017,
  author  = {Li, Zi-Xiang and Wang, Fa and Yao, Hong and Lee, Dung-Hai},
  title   = {Nature of the effective interaction in electron-doped cuprate superconductors: A sign-problem-free quantum Monte Carlo study},
  journal = {Physical Review B},
  year    = {2017},
  volume  = {95},
  number  = {21},
  pages   = {214505},
  type    = {Journal Article},
  url     = {https://link.aps.org/doi/10.1103/PhysRevB.95.214505},
}

@Article{Liu2017b,
  author  = {Liu, Junwei and Qi, Yang and Meng, Zi Yang and Fu, Liang},
  title   = {Self-learning Monte Carlo method},
  journal = {Physical Review B},
  year    = {2017},
  volume  = {95},
  number  = {4},
  pages   = {041101},
  doi     = {10.1103/PhysRevB.95.041101},
  type    = {Journal Article},
  url     = {https://doi.org/10.1103/PhysRevB.95.041101},
}

@Article{Liu2017a,
  author  = {Liu, Junwei and Shen, Huitao and Qi, Yang and Meng, Zi Yang and Fu, Liang},
  title   = {Self-learning Monte Carlo method and cumulative update in fermion systems},
  journal = {Physical Review B},
  year    = {2017},
  volume  = {95},
  number  = {24},
  issn    = {2469-9950
2469-9969},
  doi     = {10.1103/PhysRevB.95.241104},
  type    = {Journal Article},
  url     = {https://doi.org/10.1103/PhysRevB.95.241104},
}

@Article{Liu2017,
  author  = {Liu, Zhao and Bhatt, R. N.},
  title   = {Evolution of quantum entanglement with disorder in fractional quantum Hall liquids},
  journal = {Physical Review B},
  year    = {2017},
  volume  = {96},
  number  = {11},
  pages   = {115111},
  type    = {Journal Article},
  url     = {https://link.aps.org/doi/10.1103/PhysRevB.96.115111},
}

@Article{Loder2011,
  author  = {Loder, Florian and Graser, Siegfried and Kampf, Arno P. and Kopp, Thilo},
  title   = {Mean-Field Pairing Theory for the Charge-Stripe Phase of High-Temperature Cuprate Superconductors},
  journal = {Physical Review Letters},
  year    = {2011},
  volume  = {107},
  number  = {18},
  pages   = {187001},
  type    = {Journal Article},
  url     = {https://link.aps.org/doi/10.1103/PhysRevLett.107.187001},
}

@Article{Loew1994,
  author  = {Löw, U. and Emery, V. J. and Fabricius, K. and Kivelson, S. A.},
  title   = {Study of an Ising model with competing long- and short-range interactions},
  journal = {Physical Review Letters},
  year    = {1994},
  volume  = {72},
  number  = {12},
  pages   = {1918-1921},
  type    = {Journal Article},
  url     = {https://link.aps.org/doi/10.1103/PhysRevLett.72.1918},
}

@Article{McQueen2009,
  author  = {McQueen, T. M. and Williams, A. J. and Stephens, P. W. and Tao, J. and Zhu, Y. and Ksenofontov, V. and Casper, F. and Felser, C. and Cava, R. J.},
  title   = {Tetragonal-to-Orthorhombic Structural Phase Transition at 90 K in the Superconductor $Fe_1.01Se$},
  journal = {Phys. Rev. Lett.},
  year    = {2009},
  volume  = {103},
  pages   = {057002},
  type    = {Journal Article},
  url     = {http://link.aps.org/doi/10.1103/PhysRevLett.103.057002},
}

@Article{Meetei2017,
  author  = {Meetei, O. Nganba and Kim, Eun-Ah and Paramekanti, A. and Lawler, M. J.},
  title   = {Spin-charge order in a multi-orbital spin-fermion model for hole doped cuprates},
  journal = {in preparation},
  year    = {2017},
  type    = {Journal Article},
}

@Article{Metlitski2015,
  author  = {Metlitski, Max A. and Mross, David F. and Sachdev, Subir and Senthil, T.},
  title   = {Cooper pairing in non-Fermi liquids},
  journal = {Physical Review B},
  year    = {2015},
  volume  = {91},
  number  = {11},
  pages   = {115111},
  type    = {Journal Article},
}

@Article{Mukherjee2015,
  author  = {Mukherjee, Shantanu and Kreisel, A. and Hirschfeld, P. J. and Andersen, Brian M.},
  title   = {Model of Electronic Structure and Superconductivity in Orbitally Ordered FeSe},
  journal = {Phys. Rev. Lett.},
  year    = {2015},
  volume  = {115},
  pages   = {026402},
  type    = {Journal Article},
  url     = {http://link.aps.org/doi/10.1103/PhysRevLett.115.026402},
}

@Article{Nandkishore2015,
  author  = {Nandkishore, Rahul and Huse, David A.},
  title   = {Many-Body Localization and Thermalization in Quantum Statistical Mechanics},
  journal = {Annual Review of Condensed Matter Physics},
  year    = {2015},
  volume  = {6},
  number  = {1},
  pages   = {15-38},
  issn    = {1947-5454
1947-5462},
  doi     = {10.1146/annurev-conmatphys-031214-014726},
  type    = {Journal Article},
}

@Article{Nayak1994,
  author  = {Nayak, Chetan and Wilczek, Frank},
  title   = {Renormalization group approach to low temperature properties of a non-Fermi liquid metal},
  journal = {Nuclear Physics},
  year    = {1994},
  volume  = {430},
  pages   = {534},
  type    = {Journal Article},
}

@Article{Nayak1996,
  author  = {Nayak, Chetan and Wilczek, Frank},
  title   = {2n-quasihole states realize 2n\textminus1-dimensional spinor braiding statistics in paired quantum Hall states},
  journal = {Nuclear Physics B},
  year    = {1996},
  volume  = {479},
  number  = {3},
  pages   = {529--553},
  type    = {Journal Article},
}

@Article{Neto2014,
  author  = {Neto, Eduardo H. da Silva and Aynajian, Pegor and Frano, Alex and Comin, Riccardo and Schierle, Enrico and Weschke, Eugen and Gyenis, András and Wen, Jinsheng and Schneeloch, John and Xu, Zhijun and Ono, Shimpei and Gu, Genda and Tacon, Mathieu Le and Yazdani, Ali},
  title   = {Ubiquitous Interplay Between Charge Ordering and High-Temperature Superconductivity in Cuprates},
  journal = {Science},
  year    = {2014},
  volume  = {343},
  number  = {6169},
  pages   = {393--396},
  type    = {Journal Article},
}

@Book{Nielson2013,
  title     = {Neural Networks and Deep Learning},
  publisher = {http://neuralnetworksanddeeplearning.com/},
  year      = {2013},
  author    = {Nielson, Michael},
  type      = {Book},
}

@Article{Oganesyan2007,
  author  = {Oganesyan, Vadim and Huse, David A.},
  title   = {Localization of interacting fermions at high temperature},
  journal = {Physical Review B},
  year    = {2007},
  volume  = {75},
  number  = {15},
  issn    = {1098-0121
1550-235X},
  doi     = {10.1103/PhysRevB.75.155111},
  type    = {Journal Article},
}

@Article{Ohtsuki2016,
  author  = {Ohtsuki, Tomoki and Ohtsuki, Tomi},
  title   = {Deep Learning the Quantum Phase Transitions in Random Two-Dimensional Electron Systems},
  journal = {Journal of the Physical Society of Japan},
  year    = {2016},
  volume  = {85},
  number  = {12},
  pages   = {123706},
  type    = {Journal Article},
  url     = {https://doi.org/10.7566/JPSJ.85.123706},
}

@Article{Okamoto2012,
  author  = {Okamoto, Satoshi and Furukawa, Nobuo},
  title   = {Spontaneous fourfold-symmetry breaking driven by electron-lattice coupling and strong correlations in high-$T_c$ cuprates},
  journal = {Phys. Rev. B},
  year    = {2012},
  volume  = {86},
  pages   = {094522},
  type    = {Journal Article},
  url     = {http://link.aps.org/doi/10.1103/PhysRevB.86.094522},
}

@Article{Ormeno2002,
  author  = {Ormeno, Rodrigo J. and Sibley, A. and Gough, Colin E. and Sebastian, S. and Fisher, I. R.},
  title   = {Microwave Conductivity and Penetration Depth in the Heavy Fermion Superconductor ${\mathrm{CeCoIn}}_{5}$},
  journal = {Physical Review Letters},
  year    = {2002},
  volume  = {88},
  number  = {4},
  pages   = {047005},
  type    = {Journal Article},
  url     = {https://link.aps.org/doi/10.1103/PhysRevLett.88.047005},
}

@Article{Oezcan2003,
  author  = {Özcan, S. and Broun, D. M. and Morgan, B. and Haselwimmer, R. K. W. and Sarrao, J. L. and Saeid, Kamal and Bidinosti, C. P. and Turner, P. J. and Raudsepp, M. and Waldram, J. R.},
  title   = {London penetration depth measurements of the heavy-fermion superconductor CeCoIn 5 near a magnetic quantum critical point},
  journal = {EPL (Europhysics Letters)},
  year    = {2003},
  volume  = {62},
  number  = {3},
  pages   = {412},
  issn    = {0295-5075},
  type    = {Journal Article},
  url     = {http://stacks.iop.org/0295-5075/62/i=3/a=412},
}

@Article{Paglione2010,
  author  = {Paglione, J. and Greene, R. L.},
  title   = {High-temperature superconductivity in iron-based materials},
  journal = {Nature Physics},
  year    = {2010},
  volume  = {6},
  pages   = {645-658},
  type    = {Journal Article},
}

@Article{Pal2010,
  author  = {Pal, Arijeet and Huse, David A.},
  title   = {Many-body localization phase transition},
  journal = {Physical Review B},
  year    = {2010},
  volume  = {82},
  number  = {17},
  issn    = {1098-0121
1550-235X},
  doi     = {10.1103/PhysRevB.82.174411},
  type    = {Journal Article},
}

@Article{Pan2001,
  author  = {Pan, S. H. and O'Neal, J. P. and Badzey, R. L. and Chamon, C. and Ding, H. and Engelbrecht, J. R. and Wang, Z. and Eisaki, H. and Uchida, S. and Gupta, A. K. and Ng, K. W. and Hudson, E. W. and Lang, K. M. and Davis, J. C.},
  title   = {Microscopic electronic inhomogeneity in the high-Tc superconductor Bi2Sr2CaCu2O8+x},
  journal = {Nature},
  year    = {2001},
  volume  = {413},
  number  = {6853},
  pages   = {282--285},
  type    = {Journal Article},
  url     = {http://dx.doi.org/10.1038/35095012},
}

@Article{Pasupathy2008,
  author  = {Pasupathy, Abhay N. and Pushp, Aakash and Gomes, Kenjiro K. and Parker, Colin V. and Wen, Jinsheng and Xu, Zhijun and Gu, Genda and Ono, Shimpei and Ando, Yoichi and Yazdani, Ali},
  title   = {Electronic Origin of the Inhomogeneous Pairing Interaction in the High-$T_c$ Superconductor Bi$_2$Sr$_2$CaCu$_2$O$_8+\delta$},
  journal = {Science},
  year    = {2008},
  volume  = {320},
  number  = {5873},
  pages   = {196--201},
  type    = {Journal Article},
}

@Article{Pekker2014,
  author  = {Pekker, David and Refael, Gil and Altman, Ehud and Demler, Eugene and Oganesyan, Vadim},
  title   = {Hilbert-Glass Transition: New Universality of Temperature-Tuned Many-Body Dynamical Quantum Criticality},
  journal = {Physical Review X},
  year    = {2014},
  volume  = {4},
  number  = {1},
  pages   = {011052},
  type    = {Journal Article},
  url     = {https://link.aps.org/doi/10.1103/PhysRevX.4.011052},
}

@Article{Pepin2014,
  author  = {Pépin, C. and de Carvalho, V. S. and Kloss, T. and Montiel, X.},
  title   = {Pseudogap, charge order, and pairing density wave at the hot spots in cuprate superconductors},
  journal = {Physical Review B},
  year    = {2014},
  volume  = {90},
  number  = {19},
  pages   = {195207},
  type    = {Journal Article},
  url     = {https://link.aps.org/doi/10.1103/PhysRevB.90.195207},
}

@Article{Phillabaum2012,
  author  = {Phillabaum, B. and Carlson, E. W. and Dahmen, K. A.},
  title   = {Spatial complexity due to bulk electronic nematicity in a superconducting underdoped cuprate},
  journal = {Nature Communications},
  year    = {2012},
  volume  = {3},
  pages   = {915},
  doi     = {10.1038/ncomms1920
https://www.nature.com/articles/ncomms1920#supplementary-information},
  type    = {Journal Article},
  url     = {http://dx.doi.org/10.1038/ncomms1920},
}

@Article{Prodan2010,
  author  = {Prodan, Emil and Hughes, Taylor L. and Bernevig, B. Andrei},
  title   = {Entanglement spectrum of a disordered topological chern insulator},
  journal = {Physical review letters},
  year    = {2010},
  volume  = {105},
  number  = {11},
  pages   = {115501},
  doi     = {10.1103/PhysRevLett.105.115501},
  type    = {Journal Article},
  url     = {https://doi.org/10.1103/PhysRevLett.105.115501

},
}

@Article{Raczkowski2007,
  author  = {Raczkowski, Marcin and Capello, Manuela and Poilblanc, Didier and Frésard, Raymond and Oleś, Andrzej M.},
  title   = {Unidirectional $d$-wave superconducting domains in the two-dimensional $t\text{\ensuremath{-}}J$ model},
  journal = {Physical Review B},
  year    = {2007},
  volume  = {76},
  number  = {14},
  pages   = {140505},
  type    = {Journal Article},
  url     = {https://link.aps.org/doi/10.1103/PhysRevB.76.140505},
}

@Article{Regnault2009,
  author  = {Regnault, N. and Bernevig, B. A. and Haldane, F. D. M.},
  title   = {Topological Entanglement and Clustering of Jain Hierarchy States},
  journal = {Physical Review Letters},
  year    = {2009},
  volume  = {103},
  number  = {1},
  pages   = {016801},
  type    = {Journal Article},
  url     = {https://link.aps.org/doi/10.1103/PhysRevLett.103.016801},
}

@Article{Robertson2006,
  author  = {Robertson, John A. and Kivelson, Steven A. and Fradkin, Eduardo and Fang, Alan C. and Kapitulnik, Aharon},
  title   = {Distinguishing patterns of charge order: Stripes or checkerboards},
  journal = {Phys. Rev. B},
  year    = {2006},
  volume  = {74},
  number  = {13},
  pages   = {134507},
  type    = {Journal Article},
}

@Article{Samkharadze2016,
  author  = {Samkharadze, N. and Schreiber, K. A. and Gardner, G. C. and Manfra, M. J. and Fradkin, E. and Csáthy, G. A.},
  title   = {Observation of a transition from a topologically ordered to a spontaneously broken symmetry phase},
  journal = {Nature Physics},
  year    = {2016},
  volume  = {12},
  number  = {2},
  pages   = {191--195},
  type    = {Journal Article},
}

@Article{Sato2006,
  author  = {Sato, Masatoshi},
  title   = {Nodal structure of superconductors with time-reversal invariance and ${\mathbit{Z}}_{2}$ topological number},
  journal = {Physical Review B},
  year    = {2006},
  volume  = {73},
  number  = {21},
  pages   = {214502},
  type    = {Journal Article},
  url     = {https://link.aps.org/doi/10.1103/PhysRevB.73.214502},
}

@Article{Scalapino2012,
  author  = {Scalapino, D. J.},
  title   = {A common thread: The pairing interaction for unconventional superconductors},
  journal = {Rev. Mod. Phys.},
  year    = {2012},
  volume  = {84},
  pages   = {1383--1417},
  type    = {Journal Article},
  url     = {http://link.aps.org/doi/10.1103/RevModPhys.84.1383},
}

@Article{Schattner2016,
  author  = {Schattner, Yoni and Gerlach, Max H. and Trebst, Simon and Berg, Erez},
  title   = {Competing Orders in a Nearly Antiferromagnetic Metal},
  journal = {Physical Review Letters},
  year    = {2016},
  volume  = {117},
  number  = {9},
  pages   = {097002},
  type    = {Journal Article},
  url     = {https://link.aps.org/doi/10.1103/PhysRevLett.117.097002},
}

@Article{Schattner2016a,
  author  = {Schattner, Yoni and Lederer, Samuel and Kivelson, Steven A. and Berg, Erez},
  title   = {Ising Nematic Quantum Critical Point in a Metal: A Monte Carlo Study},
  journal = {Physical Review X},
  year    = {2016},
  volume  = {6},
  number  = {3},
  pages   = {031028},
  type    = {Journal Article},
  url     = {https://link.aps.org/doi/10.1103/PhysRevX.6.031028},
}

@Article{Schindler2017,
  author  = {Schindler, Frank and Regnault, Nicolas and Neupert, Titus},
  title   = {Probing many-body localization with neural networks},
  journal = {Physical Review B},
  year    = {2017},
  volume  = {95},
  number  = {24},
  issn    = {2469-9950
2469-9969},
  doi     = {10.1103/PhysRevB.95.245134},
  type    = {Journal Article},
  url     = {dx.doi.org/10.1103/PhysRevB.95.245134},
}

@Article{She2017,
  author  = {She, J. H. and Kim, C. H. and Fennie, C. J. and Lawler, M. J. and Kim, E. A.},
  title   = {Topological Superconductivity in Metal/Quantum-Spin-Ice Heterostructures},
  journal = {npj Quantum Materials},
  year    = {2017},
  volume  = {2},
  number  = {1},
  pages   = {64},
  doi     = {10.1038/s41535-017-0063-2},
  type    = {Journal Article},
  url     = {https://doi.org/10.1038/s41535-017-0063-2},
}

@Article{Sheng2006,
  author  = {Sheng, D. N. and Weng, Z. Y. and Sheng, L. and Haldane, F. D. M.},
  title   = {Quantum Spin-Hall Effect and Topologically Invariant Chern Numbers},
  journal = {Physical Review Letters},
  year    = {2006},
  volume  = {97},
  number  = {3},
  pages   = {036808},
  type    = {Journal Article},
  url     = {https://link.aps.org/doi/10.1103/PhysRevLett.97.036808},
}

@Article{Si2016,
  author  = {Si, Q. and Yu, R. and Abrahams, E.},
  title   = {High-temperature superconductivity in iron pnictides and chalcogenides},
  journal = {Nature Reviews Materials},
  year    = {2016},
  volume  = {1},
  pages   = {16017},
  type    = {Journal Article},
}

@Misc{2017,
  year = {2017},
  type = {Newspaper Article},
  url  = {http://www.sciencemag.org/news/2017/07/ai-changing-how-we-do-science-get-glimpse},
}

@Article{Stanescu2008,
  author  = {Stanescu, Tudor D. and Galitski, Victor and Das Sarma, S.},
  title   = {Orbital fluctuation mechanism for superconductivity in iron-based compounds},
  journal = {Physical Review B},
  year    = {2008},
  volume  = {78},
  number  = {19},
  pages   = {195114},
  type    = {Journal Article},
  url     = {https://link.aps.org/doi/10.1103/PhysRevB.78.195114},
}

@Article{Tiemann2012,
  author  = {Tiemann, L. and Gamez, G. and Kumada, N. and Muraki, K.},
  title   = {Unraveling the Spin Polarization of the ~ = 5/2 Fractional Quantum Hall State},
  journal = {Science},
  year    = {2012},
  volume  = {335},
  number  = {6070},
  pages   = {828--831},
  type    = {Journal Article},
}

@Article{Torlai2017,
  author  = {Torlai, Giacomo and Melko, Roger G.},
  title   = {Neural Decoder for Topological Codes},
  journal = {Physical Review Letters},
  year    = {2017},
  volume  = {119},
  number  = {3},
  pages   = {030501},
  type    = {Journal Article},
  url     = {https://link.aps.org/doi/10.1103/PhysRevLett.119.030501},
}

@Article{Tranquada1995,
  author  = {Tranquada, J. M. and Sternlieb, B. J. and Axe, J. D. and Nakamura, Y. and Uchida, S.},
  title   = {Evidence for stripe correlations of spins and holes in copper oxide superconductors},
  journal = {Nature},
  year    = {1995},
  volume  = {375},
  number  = {6532},
  pages   = {561--563},
  doi     = {10.1038/375561a0},
  type    = {Journal Article},
  url     = {https://dx.doi.org/10.1038/375561a0},
}

@Article{Trivedi1996,
  author  = {Trivedi, Nandini and Scalettar, Richard T. and Randeria, Mohit},
  title   = {Superconductor-insulator transition in a disordered electronic system},
  journal = {Phys. Rev. B},
  year    = {1996},
  volume  = {54},
  number  = {6},
  pages   = {R3756--R3759},
  type    = {Journal Article},
}

@Article{Tsuchiura2009,
  author  = {Tsuchiura, H. and Ogata, M.},
  title   = {Anti-phase superconducting domain structures in the t-t'-t"-J model},
  journal = {Journal of Physics: Conference Series},
  year    = {2009},
  volume  = {150},
  number  = {5},
  pages   = {052272},
  issn    = {1742-6596},
  type    = {Journal Article},
  url     = {http://stacks.iop.org/1742-6596/150/i=5/a=052272},
}

@Article{Turner2011,
  author  = {Turner, Ari M. and Pollmann, Frank and Berg, Erez},
  title   = {Topological phases of one-dimensional fermions: An entanglement point of view},
  journal = {Physical Review B},
  year    = {2011},
  volume  = {83},
  number  = {7},
  pages   = {075102},
  type    = {Journal Article},
  url     = {https://link.aps.org/doi/10.1103/PhysRevB.83.075102},
}

@Article{Zimmermann1998,
  author  = {v Zimmermann, M. and Vigliante, A. and Niemöller, T. and Ichikawa, N. and Frello, T. and Madsen, J. and Wochner, P. and Uchida, S. and Andersen, N. H. and Tranquada, J. M. and Gibbs, D. and Schneider, J. R.},
  title   = {Hard\textendashX-ray diffraction study of charge stripe order in La 1.48 Nd 0.4 Sr 0.12 CuO 4},
  journal = {Europhys. Lett.},
  year    = {1998},
  volume  = {41},
  number  = {6},
  pages   = {629--634},
  type    = {Journal Article},
}

@Article{Nieuwenburg2017,
  author  = {van Nieuwenburg, Evert P. L. and Liu, Ye-Hua and Huber, Sebastian D.},
  title   = {Learning phase transitions by confusion},
  journal = {Nat Phys},
  year    = {2017},
  volume  = {13},
  number  = {5},
  pages   = {435--439},
  issn    = {1745-2473},
  doi     = {10.1038/nphys4037},
  type    = {Journal Article},
  url     = {http://dx.doi.org/10.1038/nphys4037},
}

@Article{Venderley2017,
  author  = {Venderley, J. and Khemani, V. and Kim, E.-A.},
  title   = {Machine learning out-of-equilibrium phases of matter},
  journal = {arXiv},
  year    = {2017},
  volume  = {1711.00020},
  type    = {Journal Article},
  url     = {https://arxiv.org/abs/1711.00020},
}

@Article{Vojta1999,
  author  = {Vojta, Matthias and Sachdev, Subir},
  title   = {Charge Order, Superconductivity, and a Global Phase Diagram of Doped Antiferromagnets},
  journal = {Physical Review Letters},
  year    = {1999},
  volume  = {83},
  number  = {19},
  pages   = {3916--3919},
  issn    = {0031-9007},
  doi     = {10.1103/PhysRevLett.83.3916},
  type    = {Journal Article},
  url     = {http://link.aps.org/doi/10.1103/PhysRevLett.83.3916},
}

@Article{Vojta2000,
  author  = {Vojta, Matthias and Zhang, Ying and Sachdev, Subir},
  title   = {Competing orders and quantum criticality in doped antiferromagnets},
  journal = {Physical Review B},
  year    = {2000},
  volume  = {62},
  number  = {10},
  pages   = {6721-6744},
  type    = {Journal Article},
  url     = {https://link.aps.org/doi/10.1103/PhysRevB.62.6721},
}

@Article{Wang2015a,
  author  = {Wang, Fa and Kivelson, Steven A. and Lee, Dung-Hai},
  title   = {Nematicity and quantum paramagnetism in FeSe},
  journal = {Nat Phys},
  year    = {2015},
  volume  = {11},
  number  = {11},
  pages   = {959--963},
  type    = {Journal Article},
  url     = {http://dx.doi.org/10.1038/nphys3456},
}

@Article{Wang2011,
  author  = {Wang, Fa and Lee, Dung-Hai},
  title   = {The Electron-Pairing Mechanism of Iron-Based Superconductors},
  journal = {Science},
  year    = {2011},
  volume  = {332},
  number  = {6026},
  pages   = {200--204},
  type    = {Journal Article},
  url     = {http://science.sciencemag.org/content/332/6026/200},
}

@Article{Wang2013,
  author  = {Wang, Jing},
  title   = {Velocity renormalization of nodal quasiparticles in $d$-wave superconductors},
  journal = {Physical Review B},
  year    = {2013},
  volume  = {87},
  number  = {5},
  pages   = {054511},
  type    = {Journal Article},
  url     = {https://link.aps.org/doi/10.1103/PhysRevB.87.054511},
}

@Article{Wang2011a,
  author  = {Wang, Jing and Liu, Guo-Zhu and Kleinert, Hagen},
  title   = {Disorder effects at a nematic quantum critical point in $d$-wave cuprate superconductors},
  journal = {Physical Review B},
  year    = {2011},
  volume  = {83},
  number  = {21},
  pages   = {214503},
  type    = {Journal Article},
  url     = {https://link.aps.org/doi/10.1103/PhysRevB.83.214503},
}

@Article{Wang2016a,
  author  = {Wang, Q. and Shen, Y. and Pan, B. and Hao, Y. and Ma, M. and Zhou, F. and Steffens, P. and Schmalzl, K. and Forrest, T. R. and Abdel-Hafiez, M. and Chen, X. and Chareev, D. A. and Vasiliev, A. N. and Bourges, P. and Sidis, Y. and Cao, H. and Zhao, J.},
  title   = {Strong interplay between stripe spin fluctuations, nematicity and superconductivity in FeSe},
  journal = {Nature Materials},
  year    = {2016},
  volume  = {15},
  pages   = {159-163},
  type    = {Journal Article},
}

@Article{Wang2015,
  author  = {Wang, Yuxuan and Agterberg, Daniel F. and Chubukov, Andrey},
  title   = {Coexistence of Charge-Density-Wave and Pair-Density-Wave Orders in Underdoped Cuprates},
  journal = {Physical Review Letters},
  year    = {2015},
  volume  = {114},
  number  = {19},
  pages   = {197001},
  type    = {Journal Article},
  url     = {https://link.aps.org/doi/10.1103/PhysRevLett.114.197001},
}

@Article{Wang2016,
  author  = {Wang, Zhentao and Hu, Wen-Jun and Nevidomskyy, Andriy H.},
  title   = {Spin Ferroquadrupolar Order in the Nematic Phase of FeSe},
  journal = {Phys. Rev. Lett.},
  year    = {2016},
  volume  = {116},
  pages   = {247203},
  type    = {Journal Article},
  url     = {http://link.aps.org/doi/10.1103/PhysRevLett.116.247203},
}

@Article{Wang2014,
  author  = {Wang, Zhiqiang and Mandal, Ipsita and Chung, Suk Bum and Chakravarty, Sudip},
  title   = {Pairing in half-filled Landau level},
  journal = {Annals of Physics},
  year    = {2014},
  volume  = {351},
  pages   = {727},
  type    = {Journal Article},
}

@Article{Watashige2015,
  author  = {Watashige, T. and Tsutsumi, Y. and Hanaguri, T. and Kohsaka, Y. and Kasahara, S. and Furusaki, A. and Sigrist, M. and Meingast, C. and Wolf, T. and L\"ohneysen, H. v and Shibauchi, T. and Matsuda, Y.},
  title   = {Evidence for Time-Reversal Symmetry Breaking of the Superconducting State near Twin-Boundary Interfaces in $FeSe$ Revealed by Scanning Tunneling Spectroscopy},
  journal = {Phys. Rev. X},
  year    = {2015},
  volume  = {5},
  pages   = {031022},
  type    = {Journal Article},
  url     = {http://link.aps.org/doi/10.1103/PhysRevX.5.031022},
}

@Article{White1989,
  author  = {White, S. and Scalapino, D. and Sugar, R. and Loh, E. and Gubernatis, J. and Scalettar, R.},
  title   = {Numerical study of the two-dimensional Hubbard model},
  journal = {Physical Review B},
  year    = {1989},
  volume  = {40},
  number  = {1},
  pages   = {506--516},
  issn    = {0163-1829},
  doi     = {10.1103/PhysRevB.40.506},
  type    = {Journal Article},
  url     = {http://link.aps.org/doi/10.1103/PhysRevB.40.506},
}

@Article{White1998,
  author  = {White, Steven R. and Scalapino, Douglas J.},
  title   = {Density Matrix Renormalization Group Study of the Striped Phase in the 2D t−J Model},
  journal = {Physical Review Letters},
  year    = {1998},
  volume  = {80},
  number  = {6},
  pages   = {1272--1275},
  type    = {Journal Article},
}

@Article{Willett1997,
  author  = {Willett, Robert L.},
  title   = {Experimental evidence for composite fermions},
  journal = {Advances in Physics},
  year    = {1997},
  volume  = {46},
  pages   = {447},
  type    = {Journal Article},
}

@Article{Wu2015,
  author  = {Wu, Tao and Mayaffre, Hadrien and Krämer, Steffen and Horvatić, Mladen and Berthier, Claude and Hardy, W. N. and Liang, Ruixing and Bonn, D. A. and Julien, Marc-Henri},
  title   = {Incipient charge order observed by NMR in the normal state of YBa2Cu3Oy},
  journal = {Nat. Commun.},
  year    = {2015},
  volume  = {6},
  pages   = {6438},
  type    = {Journal Article},
}

@Article{Xu2017,
  author  = {Xu, Xiao Yan and Qi, Yang and Liu, Junwei and Fu, Liang and Meng, Zi Yang},
  title   = {Self-learning quantum Monte Carlo method in interacting fermion systems},
  journal = {Physical Review B},
  year    = {2017},
  volume  = {96},
  number  = {4},
  issn    = {2469-9950
2469-9969},
  doi     = {10.1103/PhysRevB.96.041119},
  type    = {Journal Article},
  url     = {https://dx.doi.org/10.1103/PhysRevB.96.041119},
}

@Article{Xu2017a,
  author  = {Xu, Xiao Yan and Sun, Kai and Schattner, Yoni and Berg, Erez and Meng, Zi Yang},
  title   = {Non-Fermi Liquid at ($2+1$)$\mathrm{D}$ Ferromagnetic Quantum Critical Point},
  journal = {Physical Review X},
  year    = {2017},
  volume  = {7},
  number  = {3},
  pages   = {031058},
  type    = {Journal Article},
  url     = {https://link.aps.org/doi/10.1103/PhysRevX.7.031058},
}

@Article{Yamase2012,
  author  = {Yamase, Hiroyuki and Metzner, Walter},
  title   = {Fermi-Surface Truncation from Thermal Nematic Fluctuations},
  journal = {Phys. Rev. Lett.},
  year    = {2012},
  volume  = {108},
  pages   = {186405},
  type    = {Journal Article},
  url     = {http://link.aps.org/doi/10.1103/PhysRevLett.108.186405},
}

@Article{Yu2015,
  author  = {Yu, Rong and Si, Qimiao},
  title   = {Antiferroquadrupolar and Ising-Nematic Orders of a Frustrated Bilinear-Biquadratic Heisenberg Model and Implications for the Magnetism of FeSe},
  journal = {Phys. Rev. Lett.},
  year    = {2015},
  volume  = {115},
  pages   = {116401},
  type    = {Journal Article},
  url     = {http://link.aps.org/doi/10.1103/PhysRevLett.115.116401},
}

@Article{Zaanen1989,
  author  = {Zaanen, Jan and Gunnarsson, Olle},
  title   = {Charged magnetic domain lines and the magnetism of high-$T_c$ oxides},
  journal = {Phys. Rev. B},
  year    = {1989},
  volume  = {40},
  pages   = {7391--7394},
  doi     = {10.1103/PhysRevB.40.7391},
  type    = {Journal Article},
  url     = {https://doi.org/10.1103/PhysRevB.40.7391},
}

@Article{Zhang2017,
  author  = {Zhang, Y. and Melko, R. G. and Kim, E.-A.},
  title   = {Machine Learning Z_2 Quantum Spin Liquids with Quasi-particle Statistics},
  journal = {Phys. Rev. B},
  year    = {2017},
  volume  = {96},
  pages   = {245119},
  doi     = {10.1103/PhysRevB.96.245119},
  type    = {Journal Article},
  url     = {https://journals.aps.org/prb/abstract/10.1103/PhysRevB.96.245119},
}

@Article{Znidaric2008,
  author  = {Žnidarič, Marko and Prosen, Tomaž and Prelovšek, Peter},
  title   = {Many-body localization in the HeisenbergXXZmagnet in a random field},
  journal = {Physical Review B},
  year    = {2008},
  volume  = {77},
  number  = {6},
  issn    = {1098-0121
1550-235X},
  doi     = {10.1103/PhysRevB.77.064426},
  type    = {Journal Article},
}

@Article{Sato2017,
  author        = {Sato, Y. and Kasahara, S. and Murayama, H. and Kasahara, Y. and Moon, E.-G. and Nishizaki, T. and Loew, T. and Porras, J. and Keimer, B. and Shibauchi, T. and Matsuda, Y.},
  title         = {Thermodynamic evidence for a nematic phase transition at the onset of the pseudogap in YBa2Cu3Oy},
  journal       = {Nature Physics},
  year          = {2017},
  volume        = {13},
  pages         = {1074},
  month         = jul,
  __markedentry = {[eunahkim:]},
  publisher     = {Nature Publishing Group},
  url           = {http://dx.doi.org/10.1038/nphys4205},
}

@Article{Mehta2018,
  author        = {{Mehta}, P. and {Bukov}, M. and {Wang}, C.-H. and {Day}, A.~G.~R. and {Richardson}, C. and {Fisher}, C.~K. and {Schwab}, D.~J.},
  title         = {{A high-bias, low-variance introduction to Machine Learning for physicists}},
  journal       = {ArXiv e-prints},
  year          = {2018},
  month         = mar,
  adsnote       = {Provided by the SAO/NASA Astrophysics Data System},
  adsurl        = {http://adsabs.harvard.edu/abs/2018arXiv180308823M},
  archiveprefix = {arXiv},
  eprint        = {1803.08823},
  keywords      = {Physics - Computational Physics, Condensed Matter - Statistical Mechanics, Computer Science - Learning, Statistics - Machine Learning},
  primaryclass  = {physics.comp-ph},
}

@Article{Walker2018,
  author        = {{Walker}, N. and {Tam}, K.-M. and {Novak}, B. and {Jarrell}, M.},
  title         = {{Identifying Melting Points of Metals from Classical Molecular Dynamics with Unsupervised Machine Learning Methods}},
  journal       = {ArXiv e-prints},
  year          = {2018},
  month         = feb,
  adsnote       = {Provided by the SAO/NASA Astrophysics Data System},
  adsurl        = {http://adsabs.harvard.edu/abs/2018arXiv180210127W},
  archiveprefix = {arXiv},
  eprint        = {1802.10127},
  keywords      = {Physics - Computational Physics, Condensed Matter - Materials Science},
  primaryclass  = {physics.comp-ph},
}

@Article{Dai2018,
  author        = {{Dai}, C. and {Bruss}, I.~R. and {Glotzer}, S.~C.},
  title         = {{Efficient Phase Diagram Sampling by Active Learning}},
  journal       = {ArXiv e-prints},
  year          = {2018},
  month         = mar,
  adsnote       = {Provided by the SAO/NASA Astrophysics Data System},
  adsurl        = {http://adsabs.harvard.edu/abs/2018arXiv180303296D},
  archiveprefix = {arXiv},
  eprint        = {1803.03296},
  keywords      = {Physics - Computational Physics, Condensed Matter - Soft Condensed Matter},
  primaryclass  = {physics.comp-ph},
}

@Article{Schoenholz2016,
  author        = {Schoenholz, S. S. and Cubuk, E. D. and Sussman, D. M. and Kaxiras, E. and Liu, A. J.},
  title         = {A structural approach to relaxation in glassy liquids},
  journal       = {Nature Physics},
  year          = {2016},
  volume        = {12},
  pages         = {469},
  month         = feb,
  __markedentry = {[eunahkim:6]},
  publisher     = {Nature Publishing Group},
  url           = {http://dx.doi.org/10.1038/nphys3644},
}

@Article{Chng2018,
  author    = {Ch'ng, Kelvin and Vazquez, Nick and Khatami, Ehsan},
  title     = {Unsupervised machine learning account of magnetic transitions in the Hubbard model},
  journal   = {Phys. Rev. E},
  year      = {2018},
  volume    = {97},
  pages     = {013306},
  month     = {Jan},
  doi       = {10.1103/PhysRevE.97.013306},
  issue     = {1},
  numpages  = {10},
  publisher = {American Physical Society},
  url       = {https://link.aps.org/doi/10.1103/PhysRevE.97.013306},
}

@Comment{jabref-meta: databaseType:bibtex;}
